4874 6060
1067 663 1113 738 19

428 867 497 940 Sed
525 866 627 938 etiam
653 865 785 957 singula
810 876 980 940 momenta
1007 865 1131 938 afferre
1158 887 1360 960 possumus,
1404 885 1494 958 quae
1523 877 1641 938 auctor
1674 868 1748 961 ipse
1779 868 1849 956 J'am

329 970 513 1066 exposuit,
553 967 627 1038 sive
663 967 698 1038 in
733 968 943 1062 praefatione
977 969 1012 1039 in
1046 968 1199 1061 singulos
1233 969 1361 1050 libros,
1397 967 1472 1038 sive
1498 968 1532 1038 in
1558 969 1730 1063 epistolis;
1767 968 1849 1062 ipsis

328 1069 463 1144 Arndtii
490 1069 608 1142 verbis
640 1079 774 1140 utamur
804 1069 915 1142 liceat.
973 1069 1108 1142 Arndtii
1133 1070 1312 1144 consilium
1339 1069 1488 1142 maxime
1513 1069 1652 1163 quidem
1676 1070 1721 1141 ad
1746 1071 1850 1141 vitam

331 1173 548 1248 christianam
575 1169 825 1244 emendandam
851 1174 1017 1267 spectavit
1029 1169 1094 1267 ¹⁹);
1132 1193 1253 1244 revera
1281 1184 1395 1244 tamen
1422 1170 1646 1266 theologiam,
1674 1172 1849 1244 scientiam

327 1277 508 1350 doctorum
534 1283 569 1346 et
594 1273 878 1355 academicorum,
905 1285 1094 1348 correctam
1120 1275 1236 1346 voluit.
1280 1274 1394 1356 „Finis
1421 1283 1456 1346 et
1482 1295 1606 1369 scopus
1632 1297 1786 1347 meorum
1811 1273 1849 1344 li·

328 1380 469 1451 brorum
495 1376 571 1448 talis
593 1384 664 1448 est:
692 1374 784 1446 volui
811 1385 943 1450 mentes
967 1397 1114 1450 avocare
1136 1397 1156 1447 a
1179 1375 1349 1470 theologia
1371 1375 1471 1448 nimis
1493 1375 1734 1471 disputatrice,
1761 1396 1849 1468 quae

328 1483 364 1554 in
398 1478 635 1553 scholasticam
670 1498 757 1571 pene
789 1477 895 1563 abiit3
938 1481 1101 1574 populum
1125 1477 1346 1550 christianum
1378 1499 1523 1550 avocare
1554 1499 1574 1548 a
1605 1477 1674 1553 fide
1705 1487 1847 1558 mortua,

328 1595 364 1656 et
388 1582 554 1654 reducere
577 1579 622 1652 ad
648 1576 925 1664 lructillrantem,
952 1602 972 1651 a
996 1581 1087 1655 nuda
1114 1580 1255 1653 scientia
1278 1592 1312 1652 et
1335 1578 1538 1653 orthodoxia
1559 1579 1604 1652 ad
1626 1581 1747 1675 praxin
1769 1578 1849 1652 fidei

330 1695 365 1758 et
391 1682 545 1778 pietatis;
583 1680 788 1762 ostendere,
815 1682 898 1774 quid
924 1684 967 1756 sit
989 1685 1059 1755 vita
1080 1707 1164 1757 vere
1191 1681 1396 1755 christiana“
1418 1678 1479 1779 22).
1531 1682 1607 1754 Alio
1633 1685 1710 1755 loco
1737 1683 1848 1754 suavi-

328 1801 382 1860 ter
407 1784 526 1858 scribit
546 1779 616 1881 ²¹):
658 1783 883 1866 „Retmdium
910 1785 1064 1858 invenire
1091 1787 1185 1858 volni
1211 1796 1374 1858 externae
1400 1785 1515 1880 pietati
1540 1783 1640 1876 hujus
1666 1784 1849 1879 corruptis-

329 1890 407 1964 simi
433 1887 559 1960 seculi=
604 1897 639 1958 et
661 1885 752 1958 viam
778 1887 983 1969 ostendere,
1021 1910 1089 1980 qua
1115 1888 1216 1960 etiarn
1247 1890 1357 1958 renati
1389 1899 1467 1982 post
1492 1887 1753 1960 conversionem
1788 1907 1849 1981 per

329 1991 484 2087 spiritum
509 1989 594 2070 Dei,
638 1989 787 2060 innatam
817 1987 931 2060 cordis
962 1991 1163 2084 pravitatem
1196 1988 1403 2062 horrendam
1429 2011 1589 2062 coercere
1621 1998 1654 2060 et
1687 1989 1848 2060 edomare

328 2102 466 2187 queant
518 2091 590 2162 Neo
615 2100 682 2163 tam
712 2091 777 2162 illis
803 2089 941 2171 scribo,
975 2092 1034 2184 qui
1060 2094 1095 2164 in
1121 2101 1211 2166 statu
1236 2101 1316 2162 sunt
1340 2102 1419 2165 ante
1442 2092 1720 2172 conversionem,
1746 2111 1849 2184 quam

329 2197 411 2276 illis,
441 2194 501 2287 qui
527 2191 695 2264 Christum
718 2191 789 2282 jam
815 2215 876 2286 per
900 2190 1004 2265 fidem
1029 2203 1242 2288 agnoverunt
1254 2187 1325 2289 22),
1361 2205 1530 2266 ettamen
1556 2191 1690 2265 ethnice
1716 2194 1847 2265 vivunt.

327 2299 398 2369 llos
425 2306 462 2368 ut
487 2294 643 2368 manuales
669 2295 964 2389 concupiscentias
989 2319 1051 2390 per
1077 2298 1231 2390 spiritum
1257 2307 1410 2368 sanctum
1438 2305 1565 2369 exuant
1591 2305 1626 2366 et
1651 2296 1846 2390 reprimant,

326 2398 501 2472 adhortor.
566 2396 625 2468 His
657 2397 807 2490 praemia
842 2395 977 2490 pietatis
1002 2409 1036 2469 et
1062 2398 1193 2471 timoris
1217 2398 1373 2480 Domini,
1419 2399 1697 2470 illuminationem
1724 2419 1847 2492 nempe

328 2501 466 2597 spiritus
489 2509 522 2570 et
542 2498 671 2572 donum
695 2497 766 2569 Dei,
784 2498 1007 2593 spiritualium
1031 2501 1236 2582 auctionem,
1264 2501 1445 2574 constituo.
1498 2500 1557 2574 His
1579 2498 1659 2571 lidei
1681 2510 1846 2579 naturam,

327 2602 431 2676 corda
459 2599 713 2695 purificantem,
740 2610 917 2692 totumque
943 2599 1118 2674 hominem
1144 2614 1388 2683 renovantem,
1416 2602 1551 2698 explico
1577 2614 1611 2674 et
1632 2601 1846 2676 commendo.

327 2707 387 2778 llis
413 2703 542 2796 gratiae
568 2701 707 2774 divinae
733 2704 929 2794 energiam,
965 2723 1032 2796 qua
1058 2705 1209 2777 roborati
1240 2716 1275 2778 et
1305 2704 1411 2795 adjuti
1441 2705 1570 2787 renati,
1606 2725 1710 2798 opera
1735 2703 1847 2776 narnis

326 2827 513 2886 coercere,
558 2801 764 2878 mortificare
795 2816 831 2878 et
858 2803 980 2878 Christi
1010 2806 1116 2879 vitam
1147 2807 1267 2879 vivere
1300 2807 1424 2878 rectius
1457 2817 1492 2878 et
1527 2807 1676 2880 sanctius
1709 2815 1846 2899 queant,

326 2909 525 2982 demonstro
558 2918 593 2980 et
627 2907 824 3002 praedico.“
890 2908 1048 2980 Similiter
1074 2909 1209 3005 scripsit
1234 2909 1397 2982 Amdtius
1422 2908 1466 2980 ad
1491 2907 1704 2990 Frantzium,
1740 2909 1846 2980 libros

326 3033 410 3086 sace
436 3031 515 3082 esse
541 3019 686 3082 externa
712 3011 904 3084 testimonia
930 3011 1053 3082 interni
1078 3014 1176 3105 regni
1201 3013 1264 3086 Dei
1282 3008 1341 3108 22).

426 3112 538 3196 Quum
564 3112 642 3184 libri
664 3112 842 3184 Arndtiani
867 3111 968 3185 nobis
988 3112 1235 3196 demonstrent,
1261 3113 1435 3208 quomodo
1461 3113 1564 3186 homo
1589 3113 1634 3184 ab
1659 3132 1847 3204 agnoscen-

326 3215 381 3288 dis
406 3215 556 3310 pecoatis
582 3217 755 3309 proiectus
780 3235 899 3286 veram
924 3216 1068 3287 salutem
1095 3216 1163 3288 sibi
1188 3218 1366 3310 acquirere
1392 3217 1520 3312 possit,
1566 3215 1665 3286 facile
1692 3212 1848 3304 intelligi-

327 3329 401 3398 tur,
436 3316 617 3388 Arndtium
644 3340 713 3390 non
747 3327 816 3388 tam
848 3315 1044 3392 hominibus
1078 3319 1280 3413 scripsisse,
1317 3319 1376 3411 qui
1413 3339 1434 3389 a
1469 3318 1632 3409 religione
1667 3315 1849 3388 christiana

326 3440 468 3514 prorsus
494 3419 598 3489 alieni
623 3429 761 3500 essent,
802 3439 904 3511 quam
929 3419 988 3511 qui
1020 3420 1091 3512 jam
1124 3422 1353 3513 cognitionem
1383 3420 1554 3512 quandam
1584 3419 1741 3512 venavis
1776 3416 1849 3488 exi·

325 3541 427 3614 gnum
453 3517 534 3592 fidei
559 3519 764 3594 christianae
787 3521 853 3594 sibi
880 3533 1081 3615 parassent;
1108 3524 1234 3596 multos
1256 3524 1348 3595 enim
1372 3523 1466 3595 locos
1492 3523 1639 3613 imagine
1662 3541 1848 3614 expressos

325 3622 430 3695 homo
462 3621 718 3696 Christianismo
752 3623 884 3696 alienus
919 3623 976 3694 vel
1012 3625 1231 3698 adversarius
1267 3626 1455 3716 intelligere
1490 3633 1525 3697 et
1562 3625 1739 3719 percipere
1778 3643 1847 3693 non

325 3735 461 3820 potest;
507 3725 572 3798 etsi
600 3725 633 3797 in
660 3725 817 3798 obscuris
844 3725 1022 3819 primoque
1048 3737 1189 3821 aspectu
1216 3749 1326 3822 paene
1353 3728 1525 3799 intellectu
1553 3724 1748 3799 carentibus
1774 3743 1848 3796 ora-

325 3828 488 3910 tionibus,
517 3827 547 3900 si
570 3829 682 3922 paullo
704 3828 866 3900 attentius
889 3828 1053 3920 legemus,
1080 3830 1163 3921 quid
1186 3830 1264 3900 insit
1285 3851 1415 3910 verum,
1443 3829 1540 3902 lacile
1563 3822 1849 3923 inveniemus²⁴);

324 3930 411 4026 aliis·
428 3931 513 4004 locis
539 3929 704 4002 Arndtius
731 3931 804 4025 ipse
830 3929 1094 4024 explicationem
1119 3930 1249 4003 addidit
1266 3925 1328 4027 25).
1422 3990 1425 3998 .

424 4033 461 4104 Si
486 4030 590 4106 homo
618 4033 754 4128 penitus
780 4031 900 4104 melior
925 4029 1000 4104 fieri
1025 4035 1097 4105 vult
1128 4043 1163 4106 et
1194 4032 1355 4116 studere,
1397 4054 1440 4104 ne
1472 4032 1506 4102 in
1541 4034 1689 4128 priorem
1725 4040 1848 4104 statum

417 4267 455 4350 22)
479 4273 624 4332 Arndtii
645 4275 735 4347 prael.
757 4274 788 4329 in
811 4271 876 4330 libr.
898 4275 1098 4347 precationum
1120 4273 1420 4345 „Paradiesgtirtlein¹‘,
1443 4273 1652 4331 Krommacher
1674 4273 1847 4345 pasta.-

327 4353 368 4436 22)
392 4359 514 4418 Arndt
537 4357 573 4414 ad
596 4358 661 4416 duc.
683 4360 803 4416 brunsv.
829 4362 877 4418 2⁹.
895 4361 956 4415 tan.
978 4363 1066 4418 teat.
1090 4360 1119 4415 in
1143 4359 1217 4431 apol.
1239 4357 1338 4414 Arndt
1362 4359 1439 4431 apud
1462 4357 1559 4415 ltamb.
1582 4359 1626 4414 ΙΙΙ.
1648 4373 1677 4429 p.
1691 4361 1847 4415 roasa.-

327 4439 368 4522 22)
392 4444 514 4503 Arndt
538 4443 695 4504 adl’iecat
729 4444 1299 4517 ot.1tentmeyersuppt.p.2atsq.
1336 4444 1371 4500 ci.
1395 4443 1526 4504 Glsich
1549 4446 1615 4515 pit.
1638 4471 1676 4484 -
1727 4437 1767 4520 ²²)
1789 4457 1850 4498 non

327 4537 385 4587 tam
410 4529 598 4596 „hominibus
616 4528 836 4601 justificandis“,
870 4545 956 4600 quarn
980 4529 1184 4601 ,justificatis‘2
1208 4529 1249 4584 lv.
1279 4545 1307 4601 p.
1325 4527 1429 4598 tastu
1472 4532 1509 4588 ita
1526 4528 1730 4601 judicaverunt
1750 4533 1850 4600 postea

325 4615 423 4688 Polyc.
445 4615 606 4686 leyserus,
639 4613 857 4670 wernsdcrssus
890 4605 899 4690 )
908 4630 936 4685 p.
952 4615 1011 4684 563
1054 4615 1089 4671 cl.
1111 4612 1304 4670 Rambach.
1329 4614 1372 4669 lll.
1395 4607 1563 4692 ptottb).
1609 4643 1647 4656 -
1741 4605 1781 4688 22)
1812 4612 1848 4668 cl.

325 4698 513 4758 humbech
535 4700 579 4756 111.
602 4715 629 4772 p.
651 4697 747 4755 elib.
776 4728 814 4740 -
880 4691 920 4775 ²4]
954 4697 1001 4756 lib.
1018 4699 1037 4755 1.
1069 4715 1092 4756 c.
1115 4701 1142 4755 6.
1171 4714 1198 4770 p.
1219 4696 1291 4753 tab.
1324 4727 1362 4740 —
1428 4693 1467 4776 2ὅ)
1497 4701 1525 4767 1,
1551 4701 1598 4755 39.
1629 4701 1766 4770 pitia,
1799 4696 1849 4753 ubi

325 4781 871 4855 Tauleriverbaellataenplicantur.
916 4783 950 4842 et.
974 4784 1065 4842 ill-lb
1093 4786 1221 4856 capit.
1254 4799 1281 4855 p.
1300 4785 1405 4852 aton
1444 4785 1535 4842 cti.
1563 4799 1590 4856 p.
1610 4783 1710 4852 ttla;
1752 4797 1778 4840 c.
1802 4783 1846 4837 ts.

1608 4976 1644 5034 3*
