4874 6060
1051 1520 1288 1604 CAPUT
1320 1519 1707 1605 amomum.

1006 1720 1071 1791 DE
1107 1719 1401 1794 Tuaoboatn
1431 1719 1744 1794 nahasthan.

1260 1893 1494 1903 ——n—.....

1111 2051 1136 2125 5.
1163 2055 1188 2110 t.
1232 2055 1275 2111 Dc
1304 2054 1447 2126 theologia
1474 2053 1639 2110 hrudtiana.

715 2211 762 2296 Ι.
812 2211 998 2284 Consilium
1032 2221 1186 2284 nostrum
1218 2235 1297 2285 esse
1327 2236 1397 2285 non
1430 2223 1565 2307 potest,
1602 2213 1815 2307 disciplinam
1842 2215 1887 2287 ad
1912 2235 2033 2288 omnes
2057 2218 2140 2290 artis

609 2321 706 2410 leges
732 2314 1024 2388 accommodatam
1050 2307 1105 2386 hio
1132 2315 1298 2387 tractandi
1317 2316 1383 2406 ‚vel
1410 2315 1544 2388 Arndtii
1570 2316 1757 2388 sententias
1784 2318 2035 2412 opinionesque
2061 2319 2140 2392 reli-

609 2421 724 2514 giosas
751 2419 931 2489 uniuersas
956 2417 1206 2499 constituendi,
1245 2438 1331 2509 quas
1365 2419 1399 2488 in
1432 2418 1529 2488 libris
1555 2417 1629 2508 ejus
1657 2418 1890 2513 imprimisque
1917 2421 1952 2490 iu
1978 2420 2067 2492 libro
2094 2421 2139 2492 de

608 2541 694 2592 vero
724 2517 980 2592 christianismo
1013 2519 1191 2613 professos
1226 2518 1292 2603 sit;
1337 2520 1439 2612 quale
1469 2518 1648 2592 artificium
1681 2520 1773 2613 apud
1803 2521 1984 2595 Amdtium
2014 2524 2140 2596 trustra

609 2622 818 2717 quaesierim
860 2621 1024 2715 quoniam
1056 2621 1130 2715 ipse
1160 2620 1348 2693 identidem
1372 2623 1538 2695 certiores
1564 2645 1628 2694 nos
1654 2622 1754 2703 lacit,
1792 2647 1831 2696 se
1856 2645 1926 2695 nou
1950 2622 2139 2698 doctrinam

609 2723 827 2797 christianam
853 2734 997 2796 tractare
1020 2724 1131 2804 velle,
1166 2723 1228 2796 sed
1252 2725 1356 2794 vitam
1377 2745 1461 2795 vere
1485 2723 1701 2796 christianam
1722 2722 1764 2814 ¹).

709 2826 821 2910 Quum
847 2826 949 2918 igitur
974 2824 1138 2898 Arndtius
1171 2826 1245 2920 ipse
1276 2823 1461 2918 significet,
1499 2825 1673 2918 quomodo
1707 2826 1784 2900 libri
1820 2828 1888 2900 sint
1918 2827 2137 2918 dijudicandi,

608 2951 677 3001 non
704 2929 815 3001 solum
838 2929 1032 3020 negativum
1054 2926 1222 2999 habemus
1244 2940 1475 3009 momentum,
1513 2929 1606 3021 quod
1628 2927 1763 3011 dicunt,
1796 2928 1842 3002 de
1863 2930 2026 3004 universo
2049 2941 2139 3004 statu

609 3030 801 3122 theologiae
823 3029 1054 3111 hmdtianae,
1089 3051 1212 3100 verum
1245 3029 1347 3100 etiam
1379 3031 1573 3125 positivum.
1626 3032 1768 3126 Saepius
1794 3033 1940 3124 legimus
1964 3044 2138 3106 auctorem

609 3153 759 3228 cupere,
787 3143 824 3204 ut
850 3132 974 3228 scripta
1001 3153 1063 3205 sua
1090 3153 1137 3202 ex
1162 3132 1278 3224 regula
1303 3129 1384 3204 fidei
1407 3131 1619 3205 Lutheranae
1641 3133 1873 3227 explicentur,
1900 3155 2007 3228 quum
2028 3135 2137 3206 verbo

608 3247 643 3306 et
665 3235 779 3306 animo
802 3235 899 3307 libris
922 3235 1122 3330 symbolicis
1145 3245 1180 3305 et
1202 3235 1367 3306 formulae
1389 3234 1595 3306 concordiae
1618 3235 1661 3307 sit
1681 3234 1933 3310 addictissimus
1951 3230 1994 3332 ²).
2042 3237 2137 3322 Quae

608 3335 748 3430 quidem
780 3337 904 3410 indicia
935 3337 1036 3409 nohis
1071 3335 1239 3430 probant,
1278 3335 1482 3408 Arndtianas
1515 3337 1699 3409 sententias
1732 3349 1767 3410 et
1787 3340 1964 3434 principia
1995 3359 2067 3412 non
2091 3359 2137 3412 ea

608 3439 772 3532 singulari
798 3439 1087 3534 contemplatione
1112 3441 1227 3532 ueq'ue
1251 3461 1297 3510 ex
1319 3439 1455 3533 propria
1481 3439 1627 3532 quadam
1652 3441 1801 3513 auctoris
1823 3453 1942 3514 natum
1967 3444 2136 3538 proiectas

607 3565 711 3627 essc3
738 3563 759 3614 e
781 3542 952 3614 contrario
975 3541 1196 3640 Arndtianam
1218 3540 1425 3632 theologiam
1447 3542 1615 3614 ecclesiae
1637 3541 1849 3616 Lutheranae
1871 3541 1951 3616 fidei
1977 3555 2136 3618 accurata

605 3645 775 3726 assentiri,
802 3666 948 3736 eamque
975 3643 1084 3739 plenis
1106 3643 1193 3715 velis
1217 3644 1325 3737 sequi.
1372 3643 1447 3727 Qua
1469 3645 1504 3716 in
1528 3667 1566 3716 re
1591 3645 1706 3716 mirari
1730 3667 1800 3717 uon
1822 3667 2014 3740 possumus,
2042 3645 2136 3738 quod

607 3747 739 3838 singula
772 3743 853 3818 tidei
884 3744 1044 3838 dogmata
1074 3766 1192 3817 amore
1219 3745 1368 3839 quodam
1394 3747 1594 3840 complexus
1621 3757 1673 3818 est
1705 3748 1873 3842 scriptum
1912 3748 2135 3840 quamobrem

606 3847 771 3943 imprimis
798 3869 858 3920 eas
885 3870 942 3920 res
969 3846 1189 3921 considerare
1215 3848 1401 3930 debemus,
1429 3869 1517 3940 quae
1544 3847 1588 3918 ad
1612 3847 1745 3918 Arndtii
1772 3849 1959 3921 sententias
1985 3851 2136 3922 formau-

606 3949 669 4022 des
695 3959 729 4022 et
754 3949 799 4021 ad
825 3951 1000 4041 ingenium
1025 3948 1253 4022 excolendum
1280 3948 1461 4022 habuerint
1486 3949 1615 4043 aliquid
1645 3951 1818 4022 momenti.

707 4051 870 4124 hmdtius
902 4049 992 4126 lilius
1023 4062 1096 4124 erat
1127 4053 1294 4146 pastoris,
1336 4051 1460 4122 eximia
1490 4053 1616 4147 pietate
1642 4052 1799 4145 peracti,
1843 4073 1948 4142 quum
1980 4053 2134 4146 legendis

607 4154 727 4228 bibliis
754 4155 863 4226 sacris
884 4153 1017 4226 Arndtii
1046 4152 1221 4246 ingenium
1244 4155 1528 4236 conformaretur,
1556 4175 1624 4224 nou
1649 4153 1761 4224 minus
1787 4154 1995 4248 praeclamm
2018 4177 2135 4228 exem·

606 4255 699 4354 plum
725 4257 772 4351 pii
795 4255 1021 4350 Woltgangii,
1064 4255 1226 4352 principis
1252 4255 1443 4339 Anhaltini,
1483 4255 1542 4349 qui
1577 4254 1667 4352 apud
1702 4275 1784 4327 suos
1820 4253 1911 4328 haud
1946 4279 2024 4330 raro
2061 4259 2135 4352 ipsc

606 4359 752 4455 pastoris
780 4381 921 4431 munere
947 4357 1152 4452 fungebatur
1169 4354 1220 4453 ³),
1260 4381 1403 4454 puerum
1431 4359 1581 4454 impulit,
1619 4367 1654 4428 ut
1684 4355 1859 4430 homiuem
1893 4359 2008 4456 pietati
2039 4359 2134 4432 dedi-

605 4462 776 4534 tissimum
803 4461 1001 4533 imitaretur.
1059 4461 1292 4543 Adolescens,
1329 4461 1505 4556 permultis
1531 4461 1841 4555 impugnationibus
1868 4484 2032 4557 prospere
2058 4483 2134 4556 per·

696 4717 718 4802 ¹)
743 4723 871 4782 Arndt.
892 4726 922 4779 in
943 4723 1033 4796 prael.
1057 4722 1093 4778 ed
1114 4723 1179 4779 lect.
1203 4721 1367 4794 repetitioni
1389 4724 1502 4794 apolog.
1524 4721 1666 4794 praelixa,
1691 4721 1840 4777 Krumm.
1863 4736 1891 4792 p.
1901 4721 1993 4787 talam
2016 4721 2051 4776 et.
2075 4719 2132 4794 §.a

605 4812 698 4882 p.t8.
723 4839 761 4852 -
827 4801 851 4887 ²)
879 4811 913 4866 cl.
937 4807 1097 4881 §.omnim
1141 4806 1263 4863 hrndt.
1285 4807 1315 4861 in
1338 4814 1463 4864 exeunte
1483 4807 1572 4880 praet.
1594 4808 1624 4862 in
1648 4806 1710 4863 libr.
1733 4806 1764 4874 l;
1807 4806 1837 4861 in
1859 4803 1907 4861 fln.
1930 4803 1993 4862 libr.
2016 4806 2058 4874 113
2103 4808 2132 4862 in

606 4896 696 4968 praei.
720 4897 751 4951 in
772 4911 832 4968 rep.
855 4895 930 4968 apol.
953 4912 981 4967 p.
998 4893 1083 4952 lala.
1109 4921 1146 4934 ·-
1220 4885 1245 4969 ³)
1275 4891 1514 4962 hagenbuch,
1541 4893 1665 4950 liorless.
1687 4891 1730 4949 ΠΙ.
1753 4891 1862 4963 pail.
