4770 6086
1004 681 1049 754 81

365 886 523 978 Singulas
545 885 736 958 locutiones
763 884 797 954 in
821 903 960 956 sensum
982 885 1105 956 falsum
1132 883 1281 978 perverti
1308 903 1423 977 posse,
1446 883 1514 972 jam
1525 881 1687 956 Arndtins
1712 883 1787 978 ipsc

266 988 300 1058 in
326 988 470 1083 epistola
494 987 540 1060 ad
565 988 772 1058 Piscatorem
797 985 874 1057 data
900 986 1086 1058 concessit:
1115 985 1326 1068 „sententias
1353 984 1458 1058 libelli
1485 984 1570 1065 mei,
1597 1006 1687 1078 quae
1710 983 1787 1058 ἂκυ-

218 1163 224 1172 .
267 1099 428 1188 „ooloylp
453 1091 619 1170 laborant,
647 1089 822 1160 exanimi
847 1088 915 1158 mei
942 1088 1101 1161 sensibus
1127 1089 1273 1184 explico,
1301 1107 1517 1178 nequaquam
1544 1107 1704 1181 sperans,
1741 1109 1788 1159 ex

267 1195 363 1274 „sola
389 1189 505 1287 phrasi
531 1201 823 1264 contrementem
850 1189 952 1262 totius
978 1190 1054 1260 libri
1080 1213 1184 1285 posse
1207 1190 1357 1274 exstrui;
1385 1199 1419 1260 et
1445 1188 1487 1260 ad
1514 1189 1787 1262 emendationem

268 1294 541 1376 „inconsiderate
571 1294 739 1366 dictorum
775 1293 808 1363 in
843 1294 954 1364 lutura
986 1291 1135 1364 editione
1171 1289 1450 1386 meodcro1)“;
1491 1301 1638 1362 exeunte
1665 1292 1787 1364 eadem

267 1397 408 1492 epistola
434 1398 573 1489 legitur:
612 1395 746 1478 „Quum
781 1395 815 1465 in
842 1393 1062 1466 meditatione
1093 1417 1248 1466 meorum
1274 1395 1466 1466 libellorum
1494 1393 1659 1466 incautius
1687 1415 1787 1488 quas·

268 1499 369 1581 „dam
395 1500 581 1572 sententias
603 1509 638 1568 et
663 1496 915 1569 admonitiones
937 1497 1145 1590 protulerim,
1172 1497 1290 1568 nescio
1318 1496 1400 1589 qnid
1427 1495 1506 1566 mali
1524 1497 1785 1589 impingantur.“

266 1602 324 1673 llis
349 1602 465 1672 verbis
490 1599 653 1672 Arndtius
679 1621 742 1671 nos
769 1599 870 1670 etiam
897 1597 1009 1679 dooet,
1037 1599 1210 1690 quomodo
1236 1601 1321 1670 tales
1349 1599 1540 1670 locutiones
1565 1599 1788 1692 explicandae

267 1705 354 1784 sint,
386 1705 545 1776 nimirum
578 1723 623 1773 ex
655 1711 725 1772 toto
750 1723 844 1772 nexu
871 1701 1126 1772 sententiarum.
1186 1702 1258 1772 Etsi
1283 1699 1445 1772 Arndtius
1484 1710 1602 1793 postca
1637 1701 1787 1792 singulas

266 1907 438 2002 putabant.
490 1905 653 1992 Theologi
678 1905 993 1996 Wittenbergenses
1011 1899 1042 1998 ²)
1068 1915 1102 1976 et
1112 1903 1279 1976 Veranius
1306 1906 1380 1998 ipse
1406 1902 1610 1985 concedunt,
1635 1904 1787 1996 singulas

266 2009 427 2081 formulas
453 2030 532 2081 esse
559 2008 725 2080 obscuras
751 2017 785 2078 et
807 2007 910 2078 falsas
927 2003 975 2102 3);
1002 2006 1095 2100 quod
1122 2006 1261 2100 quidem
1284 2005 1449 2096 judicium
1475 2007 1577 2076 etiam
1594 2007 1700 2088 multi,
1727 2008 1788 2098 qui

266 2122 384 2208 postea
415 2111 462 2184 de
497 2111 591 2182 libris
617 2108 813 2180 Amdtianis
845 2108 1077 2203 disputarunt,
1112 2119 1300 2181 statuerunt
1318 2105 1360 2200 4).
1417 2109 1565 2178 Maxima
1600 2108 1786 2200 diligentia,

266 2213 359 2307 quod
384 2213 492 2284 libere
519 2211 726 2307 profitemur,
754 2210 922 2282 Osiander
948 2211 1050 2282 etiam
1082 2210 1170 2282 hanc
1195 2213 1432 2303 quaestionem
1458 2211 1636 2295 tractavit;
1663 2212 1722 2303 qui
1752 2213 1787 2282 iu

265 2316 380 2388 libello
406 2337 470 2388 suo
496 2323 611 2386 contra
637 2313 817 2385 Arndtium
842 2314 935 2385 edito
962 2313 1112 2405 singulas
1140 2314 1337 2394 sententies,
1364 2335 1452 2406 quae
1478 2313 1584 2384 falsae
1611 2325 1645 2384 et
1667 2311 1786 2384 haere·

265 2418 353 2490 tioae
378 2417 595 2497 viderentur,
627 2426 750 2488 octavo
775 2416 886 2510 capite
912 2416 1091 2509 amplexus
1117 2425 1182 2488 est.
1234 2415 1357 2506 Viginti
1389 2424 1459 2488 tres
1486 2416 1580 2486 locos
1607 2416 1787 2488 extribus

266 2519 436 2616 prioribus
462 2519 557 2590 libris
583 2517 751 2590 Osiander
776 2519 940 2612 corripuit
957 2515 999 2607 ὅ),
1026 2539 1173 2609 quorum
1198 2518 1381 2590 nonnullos
1409 2518 1541 2588 allaturi
1567 2539 1704 2602 sumus;
1730 2539 1786 2590 ce·

265 2634 373 2694 terum
399 2621 464 2694 hae
490 2621 743 2693 criminationes
769 2641 933 2714 prospere
955 2621 999 2692 ab
1017 2619 1163 2692 Varenio
1186 2630 1219 2690 et
1242 2619 1376 2710 Egardo
1395 2621 1559 2692 refutatae
1584 2615 1725 2718 66616).

363 2724 533 2796 Osiander
559 2723 712 2794 nominat
737 2743 890 2793 errorem
913 2723 1125 2804 Flacianum,
1151 2722 1244 2814 quod
1268 2721 1450 2804 Arndtius,
1478 2720 1536 2794 obi
1561 2722 1606 2793 dc
1632 2722 1787 2818 improba

264 2825 411 2898 hominis
435 2835 554 2898 natura
581 2827 714 2897 locutus
732 2824 787 2905 sit,
815 2824 959 2895 dixerit:
991 2823 1100 2907 „haec
1126 2825 1241 2894 omnia
1267 2835 1301 2895 tu
1328 2825 1401 2918 ipse
1427 2826 1521 2905 lacis,
1548 2833 1583 2896 'et
1609 2825 1683 2918 ipse
1702 2835 1786 2916 es“;

266 2927 328 3000 sed
353 2929 406 3000 bis
433 2929 517 3022 ipsis
544 2928 662 2998 verbis
689 2926 899 3020 praecedunt
921 2927 1006 2998 alia:
1035 2948 1180 3009 „omnes
1200 2948 1264 2999 nos
1281 2937 1433 2998 veterem
1453 2926 1627 2998 hominem
1642 2928 1787 2998 circum·

268 3033 441 3112 „ferimus
469 3051 657 3122 sumusque
683 3028 770 3099 adeo
797 3028 869 3122 ipse
896 3041 995 3101 vetus
1021 3028 1139 3112 homo,
1172 3029 1269 3119 cujus
1296 3039 1414 3100 natura
1440 3051 1480 3100 ac
1501 3028 1635 3100 indoles
1661 3039 1714 3100 est
1739 3029 1786 3098 nil

267 3134 356 3214 „nisi
384 3151 539 3228 peccare,
568 3154 605 3203 se
632 3131 744 3226 ipsum
765 3151 892 3211 amare,
920 3151 981 3203 sua
1008 3129 1197 3212 commoda,
1226 3152 1308 3202 suos
1334 3130 1483 3203 honores
1509 3131 1700 3203 consectari
1718 3128 1786 3227 ⁷).“

266 3235 428 3307 Videmus
454 3235 633 3306 Amdtium
657 3255 726 3304 non
752 3233 962 3326 explicasse,
996 3233 1078 3326 qnid
1105 3243 1198 3306 esset
1223 3243 1342 3303 natura
1367 3235 1495 3304 veteris
1521 3231 1685 3313 hominis,
1725 3232 1788 3306 sed

266 3338 445 3408 allaturum
469 3338 592 3418 luisse,
627 3337 661 3405 in
688 3356 755 3426 quo
782 3345 881 3406 vetus
910 3334 1013 3407 homo
1040 3345 1256 3416 comeretur,
1293 3336 1375 3427 quid
1408 3345 1509 3406 vetus
1532 3333 1635 3405 homo
1660 3346 1787 3428 ageret.

266 3439 397 3512 Eodem
423 3439 528 3510 modo
554 3437 721 3509 Osiander
739 3436 873 3508 Amdtii
899 3439 1102 3509 sententiam
1120 3438 1311 3510 Flacianam
1338 3437 1499 3518 nominat,
1524 3457 1611 3530 qnae
1637 3435 1690 3510 his
1711 3459 1789 3510 ver·

267 3544 323 3615 bis
349 3541 558 3613 continetur:
587 3539 838 3622 „Ouid-autam
866 3539 909 3611 sit
934 3551 1034 3612 vetus
1056 3539 1172 3622 homo,
1201 3540 1303 3610 modo
1330 3539 1491 3620 diximus,
1519 3539 1679 3632 superbia
1697 3549 1787 3634 puta,

269 3643 451 3726 ,‚avaritia,
479 3643 602 3723 libido,
635 3641 816 3731 injustitia,
844 3641 913 3722 ira,
941 3641 1134 3724 inimicitia,
1165 3643 1280 3714 odium
1304 3651 1338 3712 et
1365 3641 1534 3726 invidia“;
1566 3649 1600 3710 at
1625 3639 1789 3713 Arndtius

268 3748 394 3842 pergit:
420 3766 533 3838 „quae
559 3744 672 3816 omnia
698 3744 732 3814 in
759 3765 844 3815 vero
862 3742 1044 3816 christiano
1071 3745 1157 3816 mori
1183 3744 1311 3816 debent
1329 3741 1397 3836 8).“
1449 3743 1557 3814 Etiam
1573 3741 1672 3812 aliam
1689 3742 1790 3838 phre-

268 3849 321 3919 616
347 3849 509 3940 legamus,
536 3848 635 3938 cujus
661 3846 797 3938 generis
815 3846 981 3918 Osiander
1007 3869 1052 3918 ex
1078 3848 1187 3942 primo
1213 3846 1300 3917 libro
1327 3867 1453 3917 novem
1479 3846 1677 3940 desumpsit.
1730 3845 1789 3915 Er·

269 3971 381 4022 rorem
404 3948 650 4021 monachorum
676 3959 711 4019 et
736 3949 963 4040 arrogantiam
986 3971 1064 4022 esse
1085 3949 1252 4021 Osiander
1278 3948 1369 4029 dicit,
1397 3948 1481 4020 haec
1499 3948 1607 4019 verba
1626 3947 1787 4019 fundere:

270 4053 331 4134 „ln
360 4052 427 4123 hoo
456 4073 539 4142 ergo
575 4052 731 4123 consistit
757 4052 978 4145 praestantia,
1012 4053 1246 4145 praerogativa
1285 4061 1320 4122 et
1343 4051 1490 4142 dignitas
1517 4048 1789 4131 christianorum,

269 4165 447 4237 „naturam
474 4155 541 4226 sibi
568 4153 750 4243 subjioere,
776 4153 917 4226 domare
944 4175 1081 4226 carnem
1107 4165 1142 4226 et
1159 4154 1404 4246 sangninem“;
1430 4164 1465 4224 at
1482 4151 1650 4224 Osiander
1669 4153 1791 4224 omittit

359 4370 381 4454 Ι)
407 4381 453 4434 ll.
477 4379 538 4433 lan.
565 4377 654 4433 1607.
676 4376 753 4448 apud
777 4375 916 4433 Gleich.
939 4391 966 4448 p.
981 4381 1008 4434 2.
1033 4407 1071 4418 -
1138 4370 1163 4454 2)
1188 4379 1214 4432 6.
1237 4379 1419 4435 1111661621.
1442 4374 1478 4430 cl.
1501 4373 1576 4445 apol.
1590 4372 1690 4430 Arndt.
1713 4373 1790 4445 apud

273 4461 388 4519 Ramb.
411 4465 454 4530 ΙΙΙ,
476 4463 631 4535 616116.
655 4491 693 4502 -—
758 4455 782 4538 3)
806 4461 997 4517 Veranius.
1020 4463 1039 4528 l,
1062 4479 1090 4534 p.
1105 4464 1153 4518 10.
1177 4492 1215 4503 —
1281 4456 1305 4540 4)
1330 4457 1615 4518 Wernsdorllus
1644 4459 1732 4515 libros
1754 4457 1790 4512 dc

269 4547 373 4604 mehr.
395 4547 562 4619 simpliciter
584 4561 643 4602 non
656 4546 760 4612 laudat,
784 4561 869 4612 „uam
891 4546 995 4602 multas
1014 4547 1103 4604 hebet
1126 4547 1245 4618 phrases
1266 4544 1474 4611 incommodas,
1495 4543 1701 4614 imprudentes,
1725 4557 1792 4598 sus-

271 4638 399 4705 „pectas
420 4633 467 4688 vel
491 4632 590 4687 saltem
612 4633 643 4686 16
666 4633 792 4688 alienum
813 4645 931 4688 sensum
954 4632 1036 4688 lacile
1058 4631 1285 4704 detorquendus,
1309 4631 1386 4703 quod
1409 4645 1497 4686 nemo
1519 4627 1627 4694 adhuc,
1657 4629 1792 4684 deinter
1814 4665 1815 4670 η

273 4733 423 4783 „summos
445 4715 563 4788 quidem
586 4716 648 4787 ejus
669 4723 819 4786 patronos,
855 4729 944 4784 66666
970 4723 1014 4774 661
1041 4718 1183 4774 diffiteri.“
1212 4717 1247 4772 cl.
1271 4716 1461 4774 llambaoh.
1491 4714 1539 4778 ΠΙ,
1569 4712 1728 4783 6106111.
1752 4741 1790 4754 -

272 4797 297 4878 ⁶)
320 4801 510 4858 Osiander.
534 4803 748 4874 6361-391,
772 4831 810 4842 -
875 4794 900 4877 6)
923 4802 1043 4859 Versu.
1066 4805 1097 4871 ll,
1119 4820 1147 4876 p.
1161 4805 1340 4874 abd-4³⁰3
1361 4797 1486 4873 Egard.
1511 4815 1539 4870 p.
1555 4797 1727 4856 ⁴8l-220.
1752 4827 1790 4840 -·

272 4879 297 4963 ⁷)
320 4889 339 4955 l,
363 4903 387 4943 o.
406 4888 453 4943 11.
476 4889 589 4958 6396.
612 4917 650 4928 -
725 4880 899 4965 8)Ι,6.16.
922 4888 1038 4958 paen.

1554 4998 1586 5051 ll
