4874 6060
1349 641 1398 716 211

609 854 759 924 virorum
785 851 819 921 in
846 849 1008 944 mysticas
1034 848 1225 944 opiniones,
1252 848 1355 920 immo
1380 847 1414 918 in
1437 847 1508 943 ipsa
1525 847 1676 941 'mystica
1699 849 1863 943 principia
1885 857 1920 920 et
1941 861 2134 945 praecepta,

609 953 784 1038 incidera;
824 951 887 1024 sed
913 951 1021 1023 libere
1048 948 1265 1045 profitemur,
1303 972 1367 1022 nos
1393 973 1540 1045 cupere,
1576 960 1613 1020 ot
1639 969 1720 1022 sana
1748 961 1782 1021 et
1807 951 1941 1022 sincera
1967 949 2136 1044 theologia

608 1057 753 1151 mystica
779 1075 899 1128 omnes
926 1052 1106 1126 Christiani
1132 1061 1286 1131 utantur,
1324 1073 1391 1144 qua
1423 1051 1599 1124 reddimur
1628 1053 1702 1123 veri
1738 1050 1938 1136 Christiani,
1976 1075 2044 1126 non
2070 1075 2136 1147 qua

608 1160 722 1230 animo
749 1157 871 1253 pusillo
899 1168 1053 1227 naturam
1080 1153 1142 1225 Dei
1174 1153 1379 1248 perscrutari
1405 1154 1544 1226 student
1569 1152 1725 1226 homiues
1762 1165 1864 1246 atque
1892 1155 1925 1226 in
1951 1155 2060 1228 Deum
2086 1167 2136 1228 to·

608 1273 662 1334 tos
698 1281 737 1331 se
771 1259 974 1350 immergere
1008 1257 1199 1350 opinantur.
1267 1256 1356 1328 Num
1391 1257 1645 1337 auctoritatem,
1682 1277 1784 1347 quam
1811 1257 1997 1340 Taulerus,
2036 1259 2134 1338 Suso,

608 1363 752 1436 Thomas
774 1382 794 1431 a
815 1361 954 1455 Kampis
980 1360 1046 1432 sihi
1069 1367 1374 1451 comparaverunt,
1401 1379 1463 1452 pro
1486 1357 1591 1432 nihilo
1614 1355 1820 1440 habeamus,
1848 1369 1884 1430 et
1908 1359 1997 1430 inter
2018 1362 2137 1454 mysti-

608 1489 669 1539 cos
695 1462 902 1544 catholicos,
937 1461 996 1552 qui
1021 1470 1139 1556 postea
1167 1460 1351 1538 vixerunt,
1390 1460 1565 1531 Fendlon‘?
1632 1461 1752 1532 Nonne
1782 1459 1936 1541 Arndtii‚
1971 1463 2136 1543 Muelleri,

608 1569 752 1640 aliorum
771 1566 896 1660 scripta
918 1563 1066 1654 legendo
1085 1561 1189 1632 animi
1209 1563 1317 1634 nostri
1337 1561 1577 1634 deleniuntur‘l
1591 1602 1640 1614 -
1665 1562 1875 1655 Quamquam
1898 1562 2044 1637 libenter
2056 1587 2137 1638 con·

608 1670 785 1749 cedimus,
823 1689 912 1738 voce
940 1664 1216 1759 ,‚Mysticismus“
1244 1661 1326 1733 nihil
1353 1663 1445 1734 aliud
1472 1661 1678 1756 significari,
1711 1687 1813 1757 quam
1838 1686 1926 1736 voce
1954 1667 2136 1761 „Mystilr“‚

571 1855 574 1860 ,
609 1775 639 1846 si
664 1771 709 1844 ad
735 1771 844 1843 solam
870 1768 1041 1856 originem
1064 1775 1257 1860 spectamus
1276 1763 1343 1854 ¹⁰),
1389 1775 1502 1836 tamen
1533 1769 1654 1839 merito
1689 1768 1778 1838 inter
1802 1787 1920 1840 veram
1952 1779 1987 1840 et
2018 1768 2138 1844 salsam

608 1873 813 1964 theologiam
841 1869 1020 1964 mysticam
1046 1867 1196 1939 discerni
1216 1863 1263 1963 11)
1291 1889 1484 1940 censemus.
1543 1869 1684 1964 Saepius
1710 1891 1798 1941 uoce
1826 1869 2026 1964 mysticismi
2052 1871 2138 1944 lalso

609 2000 651 2051 ea
674 1975 958 2052 denominantur,
987 1990 1076 2063 quae
1101 1969 1276 2063 prolecto,
1308 1969 1338 2040 si
1362 1969 1592 2064 mysticismus
1618 1971 1729 2043 omnis
1756 1971 1850 2062 rejici
1875 1970 1979 2044 debet
1996 1969 2065 2063 11),
2093 1974 2139 2044 ita

609 2077 772 2174 appellari
798 2098 866 2146 non
894 2083 1079 2144 merentur.
1140 2071 1263 2144 Vocem
1290 2073 1491 2166 mysticismi
1517 2095 1622 2145 sensu
1649 2073 1750 2144 nimis
1776 2075 1888 2168 amplo
1906 2069 1954 2167 ¹³)
1981 2075 2138 2170 usurpari

608 2192 787 2278 putamus,
833 2178 862 2249 si
887 2198 965 2248 eum
993 2172 1189 2268 simpliciter
1215 2173 1370 2264 rejiciunt
1401 2175 1466 2244 viri
1503 2174 1594 2246 docti
1628 2187 1686 2248 aut
1719 2175 1765 2246 ad
1798 2199 1968 2250 summum
2004 2177 2138 2261 „relati-

609 2293 712 2355 uam“
732 2277 778 2370 11)
811 2280 844 2351 ei
879 2277 1113 2349 auctoritatem
1149 2275 1351 2348 concedunt.
1414 2277 1555 2348 Prorsus
1582 2277 1818 2372 aspernandus
1844 2291 1958 2360 asset,
2003 2280 2033 2352 si
2058 2301 2138 2352 eum

610 2395 736 2459 statum
761 2382 864 2454 animi
898 2381 942 2450 ita
968 2379 1185 2459 nominares,
1231 2378 1266 2448 in
1293 2399 1361 2469 quo
1386 2376 1562 2450 hominum
1589 2393 1720 2453 mentes
1747 2381 1865 2453 sensui
1891 2381 2138 2473 imaginationi·

610 2509 678 2580 qua
704 2486 804 2580 plana
831 2482 1004 2573 sth'ectae
1032 2489 1128 2560 sunt,
1163 2489 1265 2571 atque
1291 2479 1357 2560 ita,
1387 2491 1422 2552 ut
1449 2478 1552 2552 homo
1579 2481 1652 2576 ipse
1678 2495 1820 2578 respuat·
1842 2484 2021 2578 perspicue
2046 2483 2138 2576 cogi-

610 2601 682 2661 tare
713 2601 817 2680 atque
851 2585 1035 2682 prudenter
1062 2579 1247 2674 agere15).
1308 2582 1394 2652 Num
1431 2584 1616 2655 sententias
1648 2584 1800 2656 omnium
1837 2585 1971 2657 illorum
2005 2587 2140 2681 piorum

611 2691 808 2770 hominum,
846 2709 992 2780 quorum
1019 2686 1143 2779 scripta
1169 2684 1332 2780 appellari
1358 2686 1470 2756 solent
1495 2687 1657 2781 mystica,
1696 2709 1774 2758 cum
1802 2686 1926 2760 vilibus
1950 2688 2139 2780 degenera-

610 2793 761 2866 tionihus
798 2789 1056 2862 manifestorum
1092 2789 1336 2867 fanaticorum,
1383 2807 1472 2879 quae
1506 2787 1646 2880 quidem
1678 2809 1724 2860 ex
1758 2788 1883 2861 eodem
1917 2801 2011 2862 casto
2036 2791 2140 2862 lonte

611 2897 783 2976 oriuntur,
810 2910 1008 2986 comparare
1031 2889 1239 2984 possumus?
1290 2889 1324 2959 Si
1347 2890 1398 2960 eis
1421 2890 1685 2972 assentiremur,
1712 2892 1771 2984 qui
1793 2890 1987 2964 concedere
2008 2892 2138 2972 nolunt,

611 3000 699 3070 inter
725 3017 843 3068 varam
870 3005 905 3064 et
931 2993 1050 3064 salsam
1078 2990 1282 3082 theologiam
1307 2991 1486 3085 mysticam
1512 2991 1778 3066 discernendum
1804 3015 1903 3074 esse,
1942 2994 2031 3066 illam
2057 3015 2139 3066 con·

611 3098 795 3194 templandi
818 3098 979 3176 sormam,
1005 3116 1107 3186 qoam
1129 3092 1218 3187 apud
1241 3092 1419 3165 Arndtiom
1442 3095 1649 3189 reperimus,
1677 3097 1856 3190 mysticam
1876 3097 2047 3191 appellare
2069 3118 2140 3168 non

611 3223 813 3298 possumus,
850 3198 1011 3291 quoniam
1025 3197 1131 3268 ,nullo
1156 3195 1259 3268 modo
1285 3195 1461 3277 dicemus,
1499 3195 1630 3268 Arndtii
1664 3198 1842 3270 sententiis
1868 3209 1904 3270 et
1929 3199 2140 3292 cogitationi·

611 3305 678 3375 bus
712 3325 768 3376 res
800 3311 958 3373 aeternas
984 3320 1025 3370 ac
1050 3298 1185 3370 divinas
1217 3297 1251 3368 in
1284 3300 1451 3370 internam
1485 3308 1636 3370 naturam
1668 3310 1703 3372 et
1734 3300 1889 3394 peritiam
1915 3301 2060 3395 deprimi
2079 3297 2138 3395 1⁶).

610 3408 698 3478 Num
721 3417 755 3478 te
778 3404 890 3478 celare
916 3412 1031 3498 potes,
1062 3400 1310 3496 mysticismum
1333 3422 1417 3474 vere
1441 3400 1666 3474 christianum.
1682 3425 1786 3497 posse
1811 3403 1969 3494 cogitari,
1997 3404 2026 3478 si
2052 3425 2140 3476 voce

609 3507 812 3604 mysticismi
839 3525 1008 3579 summum
1033 3523 1206 3583 amorem,
1243 3503 1394 3574 intimam
1419 3503 1680 3600 applicationem
1705 3503 1749 3575 ad
1775 3505 1884 3578 Deum
1911 3516 1946 3578 et
1971 3504 2141 3578 Christum

610 3611 829 3704 intelligimus
861 3619 920 3680 aut
950 3606 1091 3678 nimium
1122 3604 1270 3676 studium
1304 3625 1373 3699 quo
1400 3606 1533 3678 animus
1567 3609 1729 3702 mysteria
1762 3607 1937 3698 religionis
1964 3607 2139 3680 tractando

610 3714 781 3788 delenitur
806 3721 907 3803 atque
934 3709 969 3779 in
991 3709 1040 3780 ea'
1056 3729 1094 3780 se
1120 3708 1305 3800 immergit,
1333 3706 1362 3780 si
1389 3709 1600 3803 mysticismo
1626 3709 1885 3782 attentissimam
1912 3709 2001 3778 illam
2026 3732 2141 3781 rerum

612 3816 803 3888 divinarum
827 3812 1082 3884 meditationem
1104 3807 1351 3901 significamus,
1387 3809 1479 3880 illum
1507 3811 1609 3883 animi
1634 3821 1774 3892 statum,
1809 3812 1935 3902 inquo
1961 3808 2064 3884 homo
2092 3822 2140 3884 to·

611 3928 682 3988 tum
721 3940 759 3990 se
795 3913 962 3988 imbutum
993 3934 1110 3986 amore
1141 3911 1204 3984 Dei
1240 3921 1335 4006 putat
1355 3909 1431 4007 ¹⁷)?
1492 3913 1586 3986 Hanc
1620 3912 1825 4003 theologiam
1860 3912 2039 4008 mysticam
2070 3913 2141 4004 yam

700 4169 739 4253 ¹⁰)
774 4173 958 4242 lichaon,
989 4173 1070 4246 llugo
1092 4188 1151 4230 uon
1173 4172 1212 4229 St.
1234 4173 1338 4230 Victor.
1361 4175 1427 4247 Lpz.
1454 4177 1540 4232 1888.
1572 4191 1600 4247 p.
1622 4177 1691 4232 232.
1716 4203 1753 4215 -
1825 4165 1861 4250 11)
1894 4173 2016 4242 vater,
2047 4173 2141 4232 Ueher

611 4262 805 4334 llysticismus
825 4259 886 4317 und
909 4261 1168 4316 Protesuntismus.
1194 4255 1299 4330 Kgsbg.
1326 4262 1414 4318 1811.
1445 4263 1522 4333 p.8;
1567 4259 1801 4331 Hagenbach,
1825 4258 1911 4316 llorll.
1938 4260 1981 4316 lll.
2012 4277 2040 4333 p.
2065 4263 2140 4328 320;

613 4349 648 4406 cl.
672 4345 908 4417 Hagenbach,
939 4343 1161 4418 Enzylrlopidie.
1187 4341 1297 4400 annu.
1324 4347 1412 4400 test.
1445 4361 1472 4416 p.
1498 4348 1545 4400 88.
1576 4351 1635 4400 not.
1661 4347 1694 4412 7;
1737 4343 1945 4411 llossbaeh,
1977 4345 2097 4418 Spener.
2121 4348 2140 4403 1.

612 4451 640 4506 p.
654 4434 733 4499 ³⁰83
755 4431 793 4497 Il,
820 4432 896 4499 3013
932 4431 1093 4487 accuratius
1117 4428 1153 4486 da
1175 4428 1229 4484 hac
1253 4444 1283 4484 re
1306 4429 1350 4485 his
1372 4428 1477 4486 diebus
1498 4430 1654 4502 disputavit
1675 4429 1910 4494 Ullrnannus,
1943 4429 2015 4495 „das
2033 4432 2141 4488 wesen

612 4517 666 4575 des
688 4515 916 4575 Christenthums
938 4531 966 4571 u.
988 4514 1017 4570 d.
1038 4513 1160 4586 llystilr“
1182 4513 1212 4568 ln
1235 4513 1319 4570 theol.
1343 4513 1422 4571 Stud.
1446 4531 1474 4571 u.
1498 4515 1566 4572 llrit.
1597 4517 1685 4571 1888.
1720 4515 1821 4571 11188.
1853 4515 2068 4587 11558870.
2101 4543 2139 4556 -

614 4597 653 4679 1²)
676 4601 847 4660 hiohner.
870 4602 980 4672 pate.
1003 4627 1043 4642 -
1101 4592 1139 4675 1³)
1161 4597 1400 4668 Hagenbach,
1423 4599 1547 4657 llorless.
1570 4601 1613 4656 lll.
1638 4615 1665 4670 p.
1680 4603 1759 4668 818;
1790 4599 1963 4657 Ullmann.
1985 4617 2013 4673 p.
2025 4601 2140 4656 581.-

615 4683 654 4765 11)
676 4686 884 4750 Frltzsche,
914 4682 988 4740 u'ber
1009 4684 1200 4755 llysticismus
1221 4698 1250 4739 u.
1272 4683 1430 4741 Piatismus.
1447 4714 1450 4722 ·
1465 4685 1543 4741 llalle
1569 4687 1660 4741 atat.
1683 4701 1710 4756 p.
1726 4686 1773 4742 18.
1798 4714 1836 4726 -
1904 4677 2141 4810 “yliebnen

615 4777 693 4842 ²³¹3
738 4771 773 4829 ol.
796 4769 1022 4834 llelilerich,
1052 4767 1099 4826 die
1122 4768 1227 4824 christl.
1252 4767 1527 4840 Mystik..Gotha
1553 4771 1641 4829 1812.
1665 4771 1685 4827 1.
1709 4773 1858 4842 ρ.1-8.-
1912 4763 2141 4847 ¹)hiehnsr.

614 4874 641 4931 p.
666 4861 797 4916 818-
865 4849 904 4934 ¹⁷)
935 4851 1176 4926 Hagenbach,
1199 4853 1321 4910 Vorless.
1344 4852 1392 4920 lV,
1419 4857 1476 4910 888
