4770 6086
1010 659 1058 734 tta

370 863 530 936 Libenter
555 861 771 960 profitemur,
806 863 960 958 singulus
984 865 1089 936 nimia
1114 865 1216 938 laude
1241 864 1293 937 rei
1314 861 1522 936 Amdtianue
1548 881 1657 957 paene
1682 864 1793 955 magis

270 965 443 1048 obfuisse,
475 987 578 1059 qnam
605 970 792 1062 proluisse;
830 979 942 1040 tamen
968 968 1202 1060 quaerendum
1228 978 1300 1049 est,
1339 977 1451 1038 utrum
1476 964 1647 1057 ejusmodi
1670 965 1794 1038 laudes

270 1091 317 1142 ex
341 1070 439 1161 gravi
464 1079 593 1140 tanarm
620 1071 748 1166 impetu
776 1070 810 1140 in
836 1069 1014 1142 Amdtium
1040 1080 1181 1152 ename,
1220 1091 1263 1141 an
1290 1091 1337 1142 ex
1362 1079 1455 1140 recta
1480 1068 1691 1141 couscientia
1715 1067 1791 1140 veri

269 1172 444 1266 protectae
469 1172 547 1243 sint
600 1173 635 1244 Si
661 1173 749 1244 inter
774 1172 839 1242 alia
865 1171 985 1266 Cnopii
1016 1173 1247 1244 testimonium
1275 1171 1320 1244 de
1346 1192 1384 1242 re
1411 1169 1595 1242 Amdtiana
1621 1169 1793 1264 reputabi·

270 1295 359 1355 mus,
385 1273 491 1346 verba
516 1274 593 1362 ejus
619 1275 777 1368 quamvis
803 1271 1036 1370 hyperbolica,
1064 1276 1170 1346 atita
1196 1274 1369 1355 dicamus,
1397 1285 1512 1345 tamen
1537 1273 1691 1344 intimum
1718 1272 1794 1362 ejus

270 1385 390 1469 pectus
426 1375 605 1448 recludere
643 1374 866 1450 conliteamur
904 1395 1048 1448 necesse
1083 1385 1154 1462 est,
1199 1398 1278 1448 nam
1315 1386 1383 1448 tota
1418 1376 1561 1468 epistola
1593 1373 1711 1468 Cuopii
1747 1372 1794 1446 ad

270 1476 450 1550 Arndtium
476 1477 554 1550 data
582 1479 762 1573 impigrum
783 1477 936 1550 animum
959 1488 1112 1552 testatur.
1164 1480 1341 1551 Praeterea
1368 1477 1499 1548 litterae
1526 1487 1605 1548 sunt
1626 1476 1792 1572 privatae,

271 1589 305 1650 et
344 1588 483 1661 auctor,
527 1581 558 1652 si
583 1580 737 1653 edendm
769 1581 1048 1674 conscripsisset,
1085 1583 1232 1654 fortasse
1264 1579 1492 1652 moderatiore
1526 1600 1685 1651 sermone
1708 1597 1793 1650 usus

270 1691 373 1753 esset.
424 1683 572 1776 Cnopins
607 1683 651 1754 de
687 1683 782 1754 libris
808 1682 1003 1754 Amdtianis
1035 1683 1134 1756 dicit:
1175 1682 1331 1766 „Quibus
1356 1681 1452 1754 libris
1486 1681 1538 1752 sol
1571 1679 1627 1752 bic
1655 1681 1690 1750 in
1724 1678 1793 1751 boc

272 1805 422 1875 ,genere
450 1783 531 1856 nibil
567 1785 654 1857 uidit
675 1785 921 1879 praestantius,
959 1783 1042 1856 nibil
1073 1785 1241 1869 divinius,
1275 1805 1389 1877 neque
1427 1782 1518 1878 apud
1550 1783 1683 1878 priscos
1709 1781 1791 1854 illos

272 1896 412 1980 „patres
435 1887 605 1958 ccclesiae
630 1909 743 1980 neque
770 1885 861 1981 apud
892 1883 956 1958 bos
982 1889 1137 1960 novicios
1168 1887 1348 1968 doctores,
1388 1895 1422 1957 et
1447 1885 1564 1958 nescio
1599 1891 1643 1955 an'
1669 1883 1703 1954 in
1730 1905 1792 1978 po-

272 1997 424 2070 „sterum
441 1989 580 2060 visurus
599 1990 643 2060 sit
662 2009 821 2082 umquam
848 2041 858 2058 .
886 2039 895 2058 .
923 2041 933 2058 .
961 1989 1004 2058 ita
1024 1991 1232 2084 praestitisti,
1259 2001 1296 2061 ut
1320 1987 1541 2061 ascribendo
1567 1986 1679 2081 potius
1704 1983 1791 2058 alios

273 2090 513 2172 „deterrueris
540 2111 643 2183 quam
669 2091 822 2164 invitaris
850 2092 1062 2185 palmamque
1086 2093 1315 2187 praeripueris
1328 2087 1414 2184 ²³)st

370 2192 549 2263 Praeterea
581 2192 673 2265 aliud
709 2194 872 2288 scriptum
903 2215 964 2286 pro
986 2190 1128 2266 Arndtio
1156 2193 1270 2266 eidem
1294 2192 1439 2264 Varenio
1464 2190 1648 2271 debemus,
1686 2187 1791 2280 idque

272 2295 487 2388 inscriptum:
513 2295 653 2376 „brevis
670 2294 901 2368 consideratio
917 2293 1157 2369 admonitionis
1169 2297 1306 2388 Georgii
1318 2294 1435 2368 llestii.
1460 2293 1633 2384 Lunaebg.
1653 2290 1789 2363 1626.“

369 2396 558 2468 Bmllemm
592 2397 743 2469 vidimus
774 2396 908 2468 Arndtii
943 2399 1192 2470 consuetudine
1225 2421 1326 2470 usum
1360 2419 1456 2481 esse;
1500 2407 1603 2488 atque
1634 2415 1681 2466 ex
1711 2394 1789 2464 loeo

271 2497 406 2572 laudato
430 2499 574 2581 scimus,
602 2522 680 2570 enm
706 2499 797 2594 apud
823 2521 943 2571 senem
969 2500 1208 2572 moribundum
1234 2511 1408 2575 versatum
1438 2521 1537 2584 esse,
1564 2494 1789 2590 quamobrem

270 2613 409 2696 postea,
436 2623 542 2694 quum
569 2602 803 2702 „apologetica
829 2601 1033 2684 Arndtiana,
1069 2603 1132 2676 das
1158 2604 1202 2674 ist
1227 2601 1459 2674 Schutzbriefe
1485 2623 1546 2672 zur
1571 2595 1790 2672 christlichen

270 2703 547 2795 „librenrcttung
579 2704 643 2776 des
676 2703 905 2794 guistreicbsn
938 2703 1132 2797 Theolcgen
1166 2707 1277 2777 Herm
1306 2702 1378 2779 lob.
1410 2701 1537 2786 Arndt,
1576 2722 1636 2772 aus
1668 2699 1789 2772 seinen

271 2805 565 2890 „binterlasseuen
595 2804 749 2887 Buielen,
784 2805 966 2878 Urkunden
989 2829 1019 2876 u.
1047 2829 1075 2880 s.
1102 2831 1148 2880 w.
1176 2807 1327 2900 Lttnebg.
1357 2804 1478 2878 1625“
1516 2805 1550 2876 in
1574 2805 1685 2876 lucem
1710 2821 1788 2894 pro·

270 2909 392 2990 direct,
419 2907 509 2978 bunc
534 2908 646 2980 virum
676 2929 738 3002 pro
762 2919 902 2982 auctore
929 2905 1132 2981 babuerunt.
1183 2909 1279 2994 Quae
1305 2910 1499 3000 conjectura
1524 2904 1561 2978 iit
1580 2902 1788 2982 verisimilis,

270 3013 300 3085 si
323 3012 436 3084 locum
461 3029 718 3104 comparamus,
753 3011 813 3102 qni
839 3011 873 3080 in
899 3010 1113 3084 dedicatione
1139 3011 1302 3107 principis
1328 3009 1488 3084 editionis
1513 3009 1638 3078 latinae
1664 3003 1790 3078 eodem

269 3135 358 3185 anno
384 3109 481 3184 teau
504 3112 616 3184 editae
642 3112 780 3202 legitur3
809 3113 895 3184 intra
920 3112 1171 3185 dedicationem
1197 3115 1415 3186 inveniuntur
1441 3112 1573 3183 litterae
1597 3109 1642 3180 Μ.
1667 3108 1705 3178 Β.
1721 3101 1786 3200 ²⁴),

269 3237 338 3310 quo
364 3215 440 3287 loco
465 3224 584 3286 auctor
609 3214 756 3307 loquitur
782 3212 827 3285 de
853 3215 1006 3309 epistolis
1031 3237 1114 3286 mcx
1133 3215 1326 3308 vulgandis,
1352 3215 1477 3308 quibus
1503 3211 1588 3286 baec
1614 3212 1687 3308 ipsa
1707 3233 1789 3308 apo·

269 3318 411 3409 logctica
421 3315 606 3388 Amdtiana
633 3337 712 3388 eum
738 3313 949 3408 significasse
973 3327 1142 3410 putamus.
1193 3319 1354 3414 Princeps
1376 3316 1481 3390 editio
1501 3315 1789 3410 apologeticorum

269 3429 382 3492 nostra
416 3427 527 3490 aetate
558 3419 732 3492 rarissime
758 3419 904 3491 inveniri
928 3417 1084 3510 videtur3
1118 3419 1189 3509 jam
1214 3414 1446 3512 Walchiusss)
1483 3429 1518 3490 et
1549 3416 1788 3499 Rambaebius,

268 3521 327 3614 qui
359 3541 478 3593 omnes
506 3521 614 3594 libros
638 3519 846 3592 Arndtianos
880 3519 1007 3602 edidit,
1040 3520 1227 3594 editionem
1252 3533 1442 3616 sequuntur
1471 3520 1550 3591 anni
1579 3518 1694 3602 1706,
1734 3519 1790 3590 cui

269 3624 383 3696 titulus
409 3619 581 3718 praefixus
607 3633 660 3696 est
684 3620 758 3695 bic:
787 3619 1070 3714 „Wahrbaltigen
1097 3624 1374 3717 glaubwttrdiger
1399 3623 1469 3696 und
1490 3619 1709 3715 grttndlicber
1727 3620 1791 3692 Be·

271 3725 380 3806 „ricbt
401 3747 472 3797 von
497 3725 565 3797 den
591 3726 667 3797 vier
684 3723 842 3798 Bucbem
866 3746 947 3797 vom
964 3723 1107 3798 wahren
1125 3724 1399 3799 Christenthume
1415 3727 1525 3798 Herm
1539 3721 1612 3796 lob.
1623 3722 1789 3796 Arndts.“

353 3923 394 4008 ²³)
420 3933 635 3991 tutunittttt
659 3933 689 3988 in
711 3931 786 4005 epol.
808 3931 908 3990 Arndt
931 3931 1009 4007 apud
1030 3931 1229 3990 Rambach.
1253 3937 1320 3989 tom.
1343 3933 1386 3990 ttt.
1406 3948 1435 4004 p.
1451 3929 1567 3990 ruath.
1591 3959 1628 3972 -·
1681 3923 1720 4008 ²⁴)
1743 3930 1791 3986 Li-

266 4014 336 4074 betli
356 4015 424 4083 duo,
447 4017 497 4088 qui
514 4017 702 4074 Arndtianam
724 4031 785 4074 rem
808 4015 976 4088 detendunt,
1000 4019 1100 4076 litteris
1121 4019 1155 4074 ll.
1176 4018 1207 4074 Β.
1229 4017 1258 4074 F.
1282 4018 1311 4074 Β.
1334 4018 1494 4088 consignati
1515 4021 1600 4082 sunt,
1623 4021 1712 4088 atque
1734 4033 1791 4087 op-

267 4101 336 4156 timo
360 4099 427 4173 jure
447 4101 573 4166 ilrellero
595 4101 767 4158 tribuuntur.
811 4101 908 4158 Editor
939 4103 1044 4160 latinae
1072 4103 1213 4159 versionis
1240 4102 1378 4174 principis
1398 4103 1433 4158 bl.
1456 4099 1487 4158 Β.
1513 4105 1557 4157 est
1578 4099 1672 4167 idem,
1703 4107 1790 4172 atque

268 4186 318 4256 qui
340 4184 429 4241 edidit
449 4187 626 4259 apologetica
648 4185 814 4243 Arndtiann.
859 4187 986 4260 scriptor
1006 4188 1040 4244 lt.
1063 4187 1093 4242 Β.
1116 4187 1144 4243 F.
1167 4189 1196 4244 Β.
1219 4185 1339 4243 Arndtio
1368 4191 1430 4242 erat
1457 4185 1628 4256 conjunctus
1656 4185 1790 4242 necessi·

268 4268 376 4336 tudine,
399 4267 435 4327 ab
459 4285 554 4343 ecque
576 4271 625 4328 tilii
645 4271 710 4328 loeo
733 4269 902 4328 habebatur.
945 4272 1048 4330 Nonne
1070 4271 1223 4329 verisimile
1247 4277 1298 4338 est,
1320 4271 1400 4328 illum
1417 4287 1452 4328 ex
1469 4269 1596 4342 epistulis
1615 4268 1651 4325 ab
1670 4269 1789 4326 Arndtio

267 4354 375 4412 relictis
387 4357 556 4414 msuloctas
569 4355 703 4424 edidisse,
727 4371 800 4428 quas
822 4357 896 4413 liber
919 4357 1163 4430 apologeticorum
1174 4355 1399 4413 Amdtiuuorum
1421 4354 1641 4427 complectitur?
1679 4354 1789 4425 Quibus

269 4440 378 4496 massis
400 4439 478 4500 ducti
499 4457 654 4499 censemus
675 4441 775 4498 litteris
794 4442 830 4498 ll.
845 4442 882 4498 Β.
906 4442 935 4498 F.
957 4443 986 4498 Β.
1010 4440 1153 4513 designari
1174 4441 1359 4498 ltelcbiorem
1380 4441 1553 4506 uretterum,
1577 4441 1637 4496 sive
1661 4440 1789 4496 Franco-

268 4524 411 4592 lurteusis,
436 4525 657 4584 stveFuldensis
677 4527 730 4585 luit
750 4519 968 4602 (utecmann
984 4529 1015 4592 lt,
1039 4544 1065 4600 p.
1080 4529 1149 4586 2⁴5.
1172 4519 1311 4603 uoltu),
1334 4525 1520 4597 eundemque
1537 4525 1638 4581 litteris
1650 4525 1685 4580 bl.
1702 4525 1731 4579 Β.
1750 4553 1787 4563 -

269 4602 309 4685 ²⁶]
331 4608 468 4668 Walcb.
490 4613 534 4678 lll,
557 4629 586 4684 p.
604 4612 671 4666 ⁴87.
701 4612 738 4669 ci.
761 4609 955 4682 Unscbuldige
975 4611 1184 4676 Nacbricbten,
1211 4612 1279 4683 Lpz.
1306 4611 1382 4666 tuot
1406 4629 1433 4684 p.
1448 4613 1518 4669 397.
1551 4609 1685 4675 Libellus,
1709 4619 1788 4664 annu

271 4695 348 4750 tutu
368 4695 539 4754 Rostockiue
566 4713 584 4752 a
611 4695 694 4754 Hicb.
715 4694 841 4754 Frcudio
862 4695 970 4762 editus,
1002 4698 1051 4768 qui
1080 4695 1260 4754 inscribitur:
1291 4697 1405 4753 Bericbt
1425 4711 1483 4752 von
1505 4693 1618 4752 Arndtii
1641 4694 1790 4752 Ctrristeu-

266 4779 347 4836 tbum
379 4779 449 4836 nibil
485 4787 530 4838 est
557 4781 613 4840 nisi
641 4780 771 4838 secunda
801 4779 888 4838 editio
915 4781 1159 4855 apologeticorum
1180 4780 1423 4846 Amdtienorum3
1463 4779 1498 4837 cl.
1528 4777 1719 4836 ltambacb
1745 4779 1789 4846 tlt,

266 4865 404 4936 ptuit,
424 4866 475 4922 Fr.
499 4863 626 4924 Arndt.
648 4883 676 4939 p.
692 4869 764 4924 22³.
