4874 6060
1303 614 1329 683 V
1333 616 1345 684 l

557 825 779 913 olmlroloupco
790 842 803 904 ,·
840 823 892 889 olo
917 822 976 890 der
1000 821 1319 890 lioroorrteolretrdrto
1348 820 1483 908 Moopel
1506 838 1594 887 muso
1619 820 1771 889 tortorem
1797 819 1982 888 bomtolmot
2004 837 2090 888 toor-

556 945 634 1030 dou,
669 944 750 1012 duas
772 941 865 1008 brido
891 959 931 1008 zu
953 941 1057 1029 mettio
1082 942 1135 1009 dio
1160 945 1273 1010 tonora
1300 941 1522 1028 composition
1545 940 1605 1006 dar
1625 939 1840 1008 Arodt'roltoo
1866 939 2095 1028 Hooptroluill
2228 921 2234 932 ’

558 1065 626 1132 uod
649 1065 748 1132 doreti
773 1035 917 1147 &tolletorp
942 1061 976 1126 io
1003 1061 1061 1127 dor
1087 1060 1280 1149 myrtisolteo
1305 1061 1374 1128 uod
1399 1058 1602 1128 orootrooltm
1628 1057 1792 1128 Litorotur
1817 1059 2030 1128 ooolmoiroo.

660 1180 772 1249 lrrdem
791 1179 917 1264 Jedoolt
944 1180 1003 1247 der
1027 1181 1439 1268 etpeutttctmtoroenmp
1464 1179 1692 1265 derFooultct‘t,
1719 1181 1789 1247 otoo
1815 1185 1944 1248 orontio
1962 1181 2092 1267 prelud-

555 1303 638 1371 ttrlto
670 1297 929 1369 lictorisolre
967 1297 1211 1388 Uoterutolroop
1245 1301 1303 1368 der
1332 1299 1547 1368 Arodt'rcltm
1578 1299 1712 1366 Stroiter
1745 1317 1785 1366 ou
1817 1300 1951 1386 ltosou,
1990 1298 2094 1368 dorclt

555 1423 647 1491 borlo
668 1420 820 1488 Ariotteu
856 1420 891 1485 to
917 1418 1116 1515 tobttolotem
1141 1421 1263 1508 iletrro
1298 1420 1369 1490 uod
1404 1421 1476 1487 mit.
1493 1421 1538 1486 tm
1560 1419 1696 1514 ⁸Guomo
1721 1417 1881 1506 riolrttpeo
1907 1419 2093 1486 lleroltoteo

555 1547 677 1629 pertitpt
711 1539 842 1608 mordeo
866 1539 930 1605 irt:
972 1532 1034 1606 edi
1065 1536 1136 1606 rtet
1160 1541 1216 1608 dio
1229 1540 1401 1608 :Focuttot
1417 1540 1543 1607 tortor·
1561 1539 1672 1626 Lopt,
1714 1537 1808 1606 tetdo
1832 1537 2092 1625 Altoodloopoo

553 1663 611 1747 [tir
630 1658 849 1748 pretruorotp
882 1677 922 1724 zu
948 1658 1099 1725 erlldroa
1126 1711 1133 1724 .
1158 1711 1199 1726 ..
1252 1657 1300 1726 Er
1330 1658 1390 1727 ltot
1420 1658 1581 1727 domooolr
1614 1659 1668 1726 dio
1691 1657 1844 1727 Fooultdl
1875 1657 2091 1744 tarenorum,

550 1781 649 1862 jeder·
675 1779 734 1847 dor
759 1777 874 1846 beiden
895 1776 1155 1865 Altoodtuopoo
1178 1779 1240 1844 deo
1264 1777 1477 1866 Kooipltolroo
1498 1777 1592 1846 Proto
1616 1795 1657 1845 zo
1683 1777 1836 1847 mtlottoo
1861 1779 1920 1845 mit
1944 1778 2003 1845 dor
2023 1777 2091 1846 Be-

556 1902 720 1988 drtrpurm,
758 1897 839 1966 door
865 1915 924 1964 oor
954 1895 1144 1983 Uelerpobo
1170 1896 1339 1965 terrerum
1365 1917 1410 1966 oo
1437 1899 1500 1967 deo
1526 1896 1639 1965 Drerolr
1669 1898 1723 1966 dio
1748 1895 1934 1965 eruditatem
1960 1897 2095 1986 Moopet

553 2039 593 2087 ‚ro
620 2020 682 2086 olet
707 2019 759 2086 otr
783 2016 925 2103 mopttotr
952 2016 1099 2104 boroitipt
1123 2017 1259 2084 mordeo.

661 2136 780 2206 Denuo
801 2133 1040 2214 intentorum,
1066 2135 1265 2227 priusquam
1284 2133 1608 2205 commentationem
1621 2132 1803 2214 edidimus,
1833 2133 1867 2204 in
1895 2133 2093 2225 morengo-

556 2259 606 2326 las
634 2253 892 2346 inquisivimus,
927 2265 1030 2343 elque
1057 2273 1146 2322 nova
1174 2254 1336 2324 nonnulla
1362 2252 1574 2333 addidimus,
1609 2275 1717 2344 quum
1751 2253 1947 2346 complures
1974 2253 2091 2333 libros,

554 2376 599 2446 ud
626 2383 840 2466 quos-antea
867 2369 980 2440 editus
1003 2371 1104 2442 nobis
1133 2393 1201 2442 non
1230 2373 1346 2467 patuit,
1374 2374 1464 2444 necti
1488 2394 1656 2444 essemus
1777 2426 1779 2435 .

656 2493 732 2572 llis,
769 2512 858 2583 quae
892 2491 926 2560 in
955 2491 1028 2583 ipsa
1055 2493 1342 2562 commentatione
1369 2493 1568 2564 occuratius
1595 2491 1838 2585 exposuimus,
1878 2490 1939 2560 vix
1964 2490 2091 2582 aliquid

555 2613 752 2688 addendum
780 2633 860 2681 esse
887 2609 1104 2703 pulavimns;
1145 2631 1251 2704 pauca
1276 2621 1388 2710 tomen
1416 2611 1600 2682 afferamus
1624 2611 1741 2690 liceat,
1766 2609 1896 2701 quibus
1924 2608 2091 2690 ominem,

556 2757 658 2828 quem
687 2733 720 2800 in
750 2731 911 2800 universa
938 2729 1140 2819 quaestione
1168 2731 1342 2801 tractanda
1369 2731 1478 2801 secuti
1506 2751 1637 2814 sumus,
1662 2727 1917 2802 delendamue'

657 2849 818 2935 Quaestio
846 2848 938 2919 enim
965 2847 1067 2918 nubis
1094 2849 1269 2942 proposita
1299 2849 1336 2918 in
1361 2849 1448 2920 duas
1475 2859 1553 2943 epte
1584 2859 1698 2944 partes
1723 2847 1909 2922 dividenda
1928 2867 2015 2920 esse
2042 2850 2092 2919 vi-

554 2973 665 3046 detur.
719 2972 839 3060 Neque
866 2967 957 3039 enirn
984 2967 1100 3038 solum.
1122 2968 1391 3048 coutroversiae,
1418 2989 1507 3060 quae
1533 2969 1578 3040 de
1606 2969 1702 3039 libris
1724 2967 1923 3039 Arndlianis
1949 2981 2092 3042 exorreo

556 3103 646 3172 sunt,
674 3089 866 3160 accuratius
894 3097 974 3160 sunt
998 3085 1261 3166 describendae,
1288 3109 1409 3158 verum
1436 3089 1537 3160 etiam
1566 3087 1810 3181 exponendum
1830 3098 1895 3168 cst,
1922 3088 2005 3180 quid
2022 3111 2094 3162 mo·

556 3210 664 3282 menti
702 3205 867 3277 hebuerit,
888 3203 1057 3295 theologia
1084 3205 1269 3276 Arndtiona
1308 3205 1351 3277 ad
1379 3207 1538 3300 pietatem
1578 3217 1613 3278 et
1638 3207 1833 3278 ecclesiam.
1885 3207 1994 3290 Quem
2020 3209 2094 3301 qui·

558 3330 640 3402 dem
666 3327 843 3397 materiem
871 3337 908 3394 ut
934 3335 1013 3417 epte
1040 3325 1190 3414 satisque
1209 3337 1440 3408 tractaremus,
1468 3327 1575 3421 prima
1595 3324 1818 3420 paragrapho,
1846 3328 2094 3418 queleuorem

556 3449 654 3542 quasi
682 3448 717 3516 in
745 3457 849 3516 lolem
873 3466 945 3514 rem
975 3443 1283 3526 introduceremus,
1311 3446 1483 3517 nonnulle*
1502 3448 1646 3540 praelati
1671 3465 1807 3526 sumus,
1834 3447 1961 3539 quibus
1987 3458 2093 3518 status

558 3566 727 3640 ecclesiae
767 3565 841 3653 ejus
867 3562 1008 3642 aetolis,
1053 3561 1087 3630 in
1114 3583 1179 3653 qua
1208 3563 1295 3634 vixit
1320 3564 1504 3646 Arndtius,
1544 3567 1657 3638 lucide
1687 3579 1965 3658 cognosceretur.
2018 3566 2094 3650 Quo

556 3699 674 3758 autem
701 3683 979 3762 controversiae,
1007 3700 1096 3771 quae
1119 3703 1164 3752 ex
1193 3682 1288 3754 libris
1315 3684 1513 3756 Arndtianis
1539 3697 1638 3758 natae
1663 3695 1751 3765 sunt,
1777 3686 1902 3758 melius
1923 3685 2094 3780 perspice

555 3816 685 3886 rentur,
714 3815 750 3874 ut
776 3801 908 3872 Arndtii
934 3799 1125 3872 sententiae
1153 3801 1247 3895 ipsae
1275 3806 1357 3876 sutis
1385 3801 1583 3896 patefierent
1609 3814 1710 3896 utque
1732 3805 1996 3895 intelligeretur,
2026 3825 2092 3898 qua

557 3925 698 4000 tandem
727 3925 857 3994 ratione
885 3929 1011 3990 tantem
1035 3921 1271 3992 auctoritatem
1299 3924 1365 3996 sibi
1392 3941 1515 4018 parere
1543 3925 1750 4017 potuissent,
1776 3923 2010 3996 necessarium
2033 3945 2094 3996 no·

557 4046 612 4118 bis
638 4044 841 4121 videbatur,
871 4062 939 4111 non
965 4049 1031 4108 tam
1061 4059 1116 4109 res
1144 4052 1316 4122 externas,
1341 4044 1447 4114 vitam
1473 4043 1607 4114 Arndtii
1636 4052 1902 4136 prosequentes,
1941 4043 2094 4116 breviter

557 4166 737 4256 attingere,
766 4181 867 4254 qnam
896 4159 988 4252 ipsas
1015 4159 1351 4234 sententiasarndtii
1378 4183 1587 4256 componere
1610 4184 1655 4232 ex
1684 4162 1789 4244 libris,
1815 4163 1876 4255 qui
1903 4161 2093 4236 inscribun-

557 4299 612 4358 lur
639 4284 682 4355 dc
710 4301 794 4352 uero
818 4278 1084 4351 Christianismi).

658 4404 704 4472 lta
732 4403 860 4473 clurunr
888 4409 1045 4488 esuque
1074 4395 1205 4471 rollone
1233 4397 1364 4489 singule
1392 4399 1824 4494 disponendeilreteut
1960 4417 1997 4478 u
2040 4433 2088 4476 uu

658 4523 866 4614 llognopere
886 4517 1075 4610 dolemus,
1108 4513 1200 4605 qnod
1229 4518 1331 4589 multe
1360 4519 1576 4614 scripturipsi
1604 4521 2093 4614 tnapicemuenrpoulmue,

556 4663 602 4714 ex
630 4643 714 4714 lucis
738 4651 867 4710 tantum
893 4636 984 4731 apud
1008 4634 1094 4706 elios
1123 4635 1307 4727 scriptores
1331 4637 1475 4711 laudatis
1493 4641 1742 4731 cognorimus}
1767 4641 1911 4712 aliorum
1931 4619 2093 4712 librorum

558 4762 752 4853 cognitione
790 4758 928 4830 omnino
955 4775 1132 4836 caremus;
1167 4755 1291 4828 velut-i:
1328 4757 1448 4828 Gotllr.
1475 4759 1621 4832 Arrruld:
1662 4759 1778 4836 Leben
1803 4757 2093 4850 dercuuhigcn,
