4770 6086
1048 667 1097 744 98

411 877 604 970 Spenerus,
640 871 737 962 cujus
764 872 798 942 in
825 872 961 967 scriptis
992 873 1096 946 multa
1131 871 1175 946 ad
1202 895 1274 946 rem
1300 872 1508 968 propositam
1539 873 1726 969 spectantia
1752 873 1834 965 legi·

311 1001 408 1050 mus:
445 975 611 1060 „Arndtii
634 974 752 1067 inquit,
775 972 1061 1048 christianismum
1088 976 1310 1048 commendo=
1338 976 1387 1046 uti
1412 976 1519 1046 semel
1545 976 1668 1068 aliquis
1694 985 1833 1066 gustum

311 1079 525 1164 „dulcedinis
548 1077 582 1149 iu
609 1077 667 1147 tali
693 1076 842 1150 lectione
867 1077 1001 1148 latentis
1022 1079 1234 1173 perceperit,
1262 1079 1349 1150 ultro
1376 1077 1442 1149 sibi
1466 1076 1591 1149 deinde
1615 1075 1834 1169 ergodioctes

311 1185 369 1266 „in
394 1181 491 1276 praxi
517 1177 698 1251 christiane
725 1180 858 1250 iuturus
884 1176 1036 1274 cst¹³).“
1089 1181 1197 1252 Immo
1218 1179 1370 1252 nonnulli
1386 1189 1626 1273 praeceptores
1645 1179 1834 1254 academici

310 1286 416 1356 libros
439 1280 649 1354 Amdticnos
675 1279 852 1372 discipulis
878 1283 979 1354 otiam
1005 1293 1106 1376 atque
1130 1283 1231 1354 etiam
1257 1280 1554 1362 commendarunt,
1589 1281 1692 1354 veluti
1719 1280 1833 1364 Quen-

310 1385 464 1466 stedtius,
492 1377 814 1477 Breitbauptius14).
867 1384 1026 1457 Similiter
1047 1385 1116 1475 jam
1133 1387 1305 1480 Spenerus
1334 1383 1520 1477 cupiverat,
1549 1394 1584 1454 ut
1601 1382 1743 1456 studiosi
1762 1381 1833 1454 the·

310 1488 443 1578 ologiae
467 1485 650 1576 diligenter
681 1485 814 1560 Arndtii
845 1486 979 1560 libellos
1014 1497 1195 1560 tractarent
1209 1485 1270 1577 ¹⁵).
1341 1486 1491 1581 Simplici
1526 1507 1655 1576 genere
1695 1484 1834 1558 dicendi

310 1589 474 1660 librorum
500 1588 642 1658 Beierus
675 1609 748 1660 non.
769 1597 822 1662 est
848 1588 1049 1683 impeditus,
1083 1591 1267 1682 quominus
1300 1586 1516 1659 auditoribus
1542 1587 1728 1660 sententias
1753 1607 1833 1660 auc-

310 1691 394 1762 toris
415 1690 602 1785 explicaret
618 1684 680 1777 ¹⁶).

408 1792 587 1864 Praeterea
624 1793 730 1864 libros
764 1793 970 1866 hmdtianos
1004 1791 1107 1864 etiam
1144 1793 1234 1865 inter
1268 1793 1487 1866 confessores
1519 1790 1696 1862 doctrinae
1724 1790 1832 1862 Calvi·

310 1894 431 1964 nunus
457 1915 526 1966 nou
553 1894 664 1966 minus
690 1894 883 1988 divulgatos
908 1895 1015 1967 foisse
1042 1906 1077 1966 et
1101 1895 1220 1977 lectos,
1248 1915 1350 1987 qnam
1376 1894 1464 1964 inter
1489 1891 1712 1973 Lutherauos,
1740 1914 1833 1966 corn·

310 2017 500 2068 memorare
532 1995 594 2066 rix
620 2017 708 2090 opus
732 2008 801 2079 est,
838 2017 1045 2090 quamquam
1070 1997 1175 2068 altera
1202 1997 1347 2070 ecclesia
1373 1995 1469 2066 alteri
1496 2004 1530 2066 et
1555 2005 1625 2064 tum
1653 2005 1687 2064 et
1713 1996 1745 2065 in
1773 2016 1834 2090 po·

310 2109 438 2170 sterom
474 2094 697 2170 vehementer
731 2109 804 2170 erat
831 2099 984 2194 opposita
1000 2098 1065 2193 11);
1104 2100 1243 2172 minime
1275 2100 1367 2170 enim
1402 2117 1464 2168 eos
1491 2095 1578 2167 hanc
1604 2095 1649 2166 ob
1675 2117 1833 2170 mussant

309 2220 389 2272 esse
414 2207 610 2292 conceptos,
640 2209 676 2270 nt
699 2199 856 2272 homines
881 2202 926 2272 ab
953 2203 1057 2274 altera
1084 2201 1238 2272 doctrina
1264 2201 1308 2272 ad
1334 2200 1474 2270 alteram
1501 2196 1769 2280 traducerentur,
1798 2199 1833 2268 in

308 2302 423 2396 aprico
448 2311 532 2374 erut.
585 2300 815 2384 Quamobrem
837 2303 940 2374 etiam
967 2303 1183 2375 Caluinorum
1219 2301 1409 2374 testimonia
1444 2300 1488 2372 de
1514 2299 1710 2372 Arndtianis
1739 2300 1834 2374 libris

308 2403 475 2475 laudanda
494 2401 678 2484 habemus,
713 2425 758 2474 ex
783 2405 911 2497 quibus
933 2428 1038 2478 unum
1059 2405 1241 2476 afferamus
1260 2406 1377 2476 liceat:
1405 2402 1528 2485 „Quod
1548 2423 1633 2473 vero
1653 2403 1833 2474 Arndtium

310 2526 373 2586 „ac
397 2505 598 2577 Muellerum
621 2507 827 2578 nostratibus
855 2507 1095 2596 (Calvisianis)
1129 2506 1447 2586 annumeraverim,
1474 2528 1518 2576 ue
1543 2506 1647 2576 velim
1669 2506 1758 2578 male
1784 2506 1835 2576 in·

310 2607 542 2704 ‚,terpreteris.
595 2607 772 2697 Ejusmodi
807 2609 896 2678 enim
910 2609 998 2682 uiri·
1020 2609 1141 2704 spiritu
1167 2609 1335 2703 pollentes
1368 2608 1402 2679 in
1425 2627 1549 2700 magno
1584 2619 1663 2680 sunt
1689 2606 1833 2690 honore,

310 2729 403 2790 „non
429 2707 544 2780 modo¹
558 2709 650 2804 apud
675 2731 752 2791 me,
793 2710 856 2782 scd
882 2721 917 2782 et
942 2713 1067 2783 multos
1103 2712 1188 2782 alios
1214 2721 1369 2805 pastores
1395 2711 1450 2805 pio
1476 2709 1616 2791 doctos,
1653 2730 1694 2780 ac
1720 2709 1833 2784 illise

310 2810 533 2893 „nostratium
565 2831 709 2884 numero
744 2812 866 2884 merito
892 2812 1125 2895 anteferendi,
1160 2813 1219 2904 qui
1244 2813 1356 2884 ventri
1377 2811 1551 2892 serviunt,
1585 2822 1722 2884 etcum
1748 2832 1833 2906 pura

309 2913 488 2995 „doctrina
510 2931 551 2982 ac
577 2913 797 2986 consessione
824 2924 979 2986 terrenos
1004 2925 1109 3008 agunt
1131 2926 1335 3009 empaectas‚
1363 2924 1396 2986 et
1423 2922 1576 2986 secretos
1604 2911 1831 2988 antichristos.

309 3015 415 3098 „Cum
442 3014 658 3086 econtrario
695 3016 828 3087 illorum
853 3017 1005 3088 virorum
1037 3039 1097 3089 cor
1128 3029 1163 3088 et
1187 3017 1403 3088 conversatio
1438 3016 1481 3088 sit
1516 3015 1551 3085 in
1576 3017 1703 3098 coelis,
1740 3016 1832 3087 etin

309 3137 452 3200 „amore
476 3113 598 3190 Christi
624 3128 820 3211 occupetur,
847 3119 905 3210 qui
930 3140 1069 3192 omnem
1095 3130 1279 3214 exsuperat
1303 3118 1511 3210 agnitionem
1525 3113 1609 3210 ¹⁸).“

408 3219 500 3291 llaec
525 3229 605 3290 sunt
627 3219 836 3302 testimonia,
876 3221 1000 3312 quibus
1033 3221 1219 3294 contradici
1247 3221 1375 3314 nequit.
1426 3220 1471 3290 At
1503 3220 1626 3314 aliquis
1654 3219 1830 3301 concedat,

310 3321 422 3394 libros·
444 3319 577 3392 hmdtii
613 3322 704 3410 inter·
724 3323 981 3415 protestantium
1008 3325 1183 3396 doctrinae
1208 3324 1338 3394 amicos
1364 3323 1506 3395 multum
1530 3322 1682 3395 valuisse
1706 3343 1747 3394 ac
1772 3343 1832 3394 va·

308 3425 391 3504 lere,
416 3433 533 3496 contra
558 3423 594 3492 in
619 3423 959 3496 ecclesiaoatholica
985 3426 1080 3520 parvi
1106 3447 1185 3498 esse
1210 3426 1418 3498 aestimatos.
1471 3424 1539 3496 Sed
1565 3425 1630 3518 ipsi
1652 3423 1831 3496 Christiani

308 3525 463 3598 catholici
496 3524 696 3596 munstero.
720 3524 893 3598 debebunt
925 3527 1158 3600 auctoritatem
1195 3540 1230 3600 et
1256 3537 1463 3600 momentum
1498 3527 1661 3598 librorum
1694 3527 1829 3598 illorum

308 3648 530 3722 permagnum
555 3649 646 3700 esse.
698 3627 817 3719 Neque
850 3628 942 3700 enim
968 3630 1078 3701 solum
1115 3630 1148 3700 in
1174 3630 1318 3702 ecclesia
1345 3629 1509 3702 catholica
1541 3629 1619 3699 libri
1651 3630 1752 3720 longe
1783 3629 1831 3698 la-

308 3743 410 3822 teque
434 3728 600 3820 divulgati
624 3739 722 3800 erant
747 3739 781 3801 et
806 3731 958 3824 pernoti,
996 3732 1059 3804 sed
1085 3732 1186 3804 etiam
1213 3733 1277 3827 ipsi
1303 3731 1500 3804 sacerdotes
1526 3730 1743 3803 illustrissimi
1769 3752 1830 3804 eos

308 3831 480 3904 louebant.
532 3829 617 3902 Rem
643 3831 841 3914 afferamus,
879 3853 969 3924 quae
995 3832 1193 3925 dignissima
1222 3834 1323 3906 nobis
1353 3855 1432 3906 esse
1463 3832 1599 3904 videtur
1624 3853 1830 3905 commemo-

308 3945 392 4005 mtu.
444 3932 555 4004 Anno
573 3931 670 4004 arat
697 3931 829 4005 hrndtii
855 3934 933 4007 libri
964 3935 1009 4006 de
1031 3959 1065 4008 r.
1094 3933 1170 4006 Chr.
1207 3937 1241 4006 in
1268 3936 1475 4008 monasterio
1500 3931 1667 4007 catholico
1690 3935 1830 4030 Campo-

308 4192 368 4252 liel.
396 4194 427 4247 ln
448 4191 475 4247 d.
498 4191 669 4263 Salzburger
690 4194 826 4251 Lauden-
843 4195 909 4266 Lpa.
936 4197 1025 4254 ⁴732.
1053 4213 1081 4270 p.
1103 4199 1171 4254 toa.
1197 4227 1235 4238 -
1324 4189 1362 4274 111)
1386 4196 1541 4268 Spcneri
1569 4211 1648 4252 cous.
1677 4196 1715 4252 th.
1740 4197 1786 4254 lat.
1808 4199 1828 4262 l,

308 4293 335 4348 p.
348 4278 416 4333 all.
439 4305 476 4318 —·
556 4271 594 4353 11)
614 4278 806 4336 liambach.
832 4280 921 4352 prael.
942 4286 1010 4337 tom.
1032 4284 1052 4349 1,
1074 4285 1163 4355 pt'l.
1188 4311 1226 4324 -
1304 4275 1342 4360 ¹⁵)
1364 4280 1488 4348 „Wollte
1511 4281 1590 4346 Gott,
1621 4297 1654 4338 cs
1675 4285 1755 4340 ware
1778 4281 1830 4336 des

308 4361 517 4432 „geistrsicben
538 4361 667 4418 Arndtcn
689 4365 805 4422 wabras
827 4365 1041 4422 Christonthum
1065 4359 1203 4444 (welches
1220 4367 1328 4435 Vialcn,
1349 4366 1399 4422 bei
1421 4364 1517 4422 denen
1541 4363 1588 4422 die
1610 4366 1752 4424 eruditiori
1776 4366 1830 4422 last

306 4444 413 4513 „allelu
433 4461 490 4500 ror«
509 4446 562 4502 das
582 4447 772 4506 lornehmste
793 4450 853 4504 will
873 4450 1007 4520 gebalten
1029 4451 1158 4519 worden,
1183 4453 1230 4508 ein
1250 4451 1320 4510 slot
1341 4453 1391 4518 ist,
1424 4450 1491 4506 weil
1514 4466 1546 4508 es
1568 4453 1647 4508 nicht
1669 4455 1719 4508 mit
1740 4449 1830 4506 violer

306 4529 530 4597 „sncebnlicber
552 4532 764 4590 meuscblicher
785 4535 994 4591 Wissensdratt
1014 4537 1140 4606 gestaret
1160 4530 1204 4614 ist)
1233 4538 1264 4592 in
1284 4536 1356 4592 aller
1376 4533 1570 4594 studiosorum
1594 4535 1745 4606 lleissigem
1768 4535 1830 4592 Ge-

307 4615 466 4681 ,oraconr‘
488 4615 647 4687 Spener,
669 4619 752 4676 letata
766 4619 833 4676 Bed.
856 4620 876 4684 l,
900 4635 927 4691 p.
940 4623 1009 4676 act.
1033 4647 1071 4662 -··
1118 4615 1156 4697 ¹⁶)
1178 4621 1361 4688 „Amatorem
1377 4620 1552 4690 singularem
1568 4620 1654 4678 habet
1671 4613 1828 4696 (hrndtiusj

307 4701 358 4766 „lt
387 4700 568 4766 Boiorum,
611 4701 661 4771 qui
684 4702 744 4773 jorn
777 4703 814 4760 eh
853 4704 962 4774 aliquot
992 4707 1077 4762 annis
1111 4707 1351 4762 christianismum
1386 4706 1477 4777 ipsius
1510 4705 1654 4762 studiosae
1683 4703 1828 4776 juventuti

306 4786 456 4858 „erplicat
478 4783 602 4856 quadiu
618 4786 840 4846 aliaecndcmia
863 4788 968 4845 iactum
990 4804 1050 4846 non
1074 4792 1221 4848 memini.·⁴
1240 4791 1402 4864 Sponeri
1423 4805 1503 4846 cons.
1520 4791 1558 4846 th.
1574 4791 1619 4846 lat
1631 4791 1674 4856 lll,
1697 4807 1723 4860 p.
1736 4787 1826 4846 teob.

308 4897 346 4912 -
419 4864 457 4947 ¹⁷)
479 4869 622 4928 P‘lanck.
645 4875 740 4942 pso
761 4875 857 4944 lasq.
883 4901 920 4916 -
989 4868 1028 4952 ¹⁸)
1049 4876 1120 4933 Edit.
1143 4875 1262 4932 boudin
1284 4877 1438 4934 llosmus
1459 4877 1479 4940 l,
1502 4875 1589 4946 prael.
1612 4874 1637 4947 ἓ.
1657 4877 1704 4932 26.
1728 4892 1756 4946 p.
1778 4878 1826 4932 23.
