4874 6060
1056 681 1104 758 23

316 895 469 974 iunctus,
508 901 637 963 mature
663 890 852 986 pmhibitus
878 897 954 970 est,
993 889 1175 982 quominus
1201 886 1289 960 hauc
1314 887 1419 958 vitam
1452 896 1650 960 terrestrem
1681 885 1843 979 bonaque

315 993 445 1068 caduca
469 995 570 1065 nimis
597 994 837 1074 admiraretur,
869 1001 971 1084 atque
993 993 1143 1063 monitus
1164 1001 1234 1073 est,
1262 1000 1298 1062 ut
1321 1011 1443 1062 verum
1466 990 1623 1062 solatium
1644 1009 1690 1058 ex
1716 987 1843 1082 pietate

315 1095 474 1168 hauriret.
526 1096 653 1168 Verum
678 1119 747 1169 nun
775 1095 885 1166 solum
911 1092 1058 1165 haeres
1084 1103 1250 1165 externae
1276 1093 1320 1164 ad
1345 1092 1478 1164 Amdtii
1505 1092 1655 1162 animum
1679 1090 1843 1161 excolen-

314 1198 396 1270 dum
422 1198 568 1271 idoneae
594 1209 710 1284 erant;
742 1197 843 1269 etiam
869 1197 1023 1268 internae
1048 1205 1278 1268 accesserunt
1320 1195 1457 1266 Praeter
1483 1195 1682 1288 scripturam
1710 1211 1843 1264 sacram

313 1299 477 1374 Amdtius
502 1301 653 1372 maximo
679 1321 757 1372 cnm
784 1297 896 1371 studio
921 1297 1059 1390 antiqua
1092 1297 1147 1368 illa
1173 1297 1298 1390 scripta
1325 1297 1468 1392 mystica
1502 1293 1649 1389 legendo
1676 1305 1843 1366 tractave-

314 1415 381 1483 rat,
408 1422 498 1494 qnae
521 1402 622 1476 valde
649 1423 727 1473 eum
753 1400 960 1482 arridebant,
985 1411 1020 1470 et
1045 1423 1092 1472 ex
1118 1401 1170 1472 eis
1196 1399 1320 1470 eodem
1344 1397 1460 1479 modo,
1487 1409 1590 1491 atque
1612 1396 1778 1468 Lutberus
1797 1392 1842 1490 ⁴),

313 1507 462 1598 quietem
494 1526 535 1578 ac
566 1503 721 1577 solatium
754 1503 926 1598 percepit,
963 1501 1152 1574 abhorrens
1187 1502 1232 1572 ab
1258 1501 1378 1574 aetatis
1405 1520 1488 1572 suae
1521 1499 1664 1586 studiis3
1704 1519 1771 1592 qua
1804 1522 1842 1572 re

311 1629 410 1678 mens
432 1605 576 1696 juvenili
602 1607 727 1678 robore
752 1615 916 1677 exornata
942 1605 978 1676 id
1004 1625 1108 1696 agere
1134 1604 1315 1686 studebat,
1350 1613 1388 1676 ut
1414 1625 1529 1675 mores
1555 1602 1759 1694 animosque
1786 1623 1843 1674 so·

310 1823 348 1883 ut
372 1831 434 1905 pru
461 1831 551 1882 novo
577 1812 799 1882 reformatore
824 1807 1029 1892 haberetur,
1074 1808 1136 1880 sed
1163 1819 1200 1879 ut
1226 1807 1417 1880 doctrinam
1441 1829 1527 1880 vere
1551 1806 1770 1880 christianam
1797 1806 1842 1878 ad

309 1914 401 1984 vitae
426 1935 526 1984 usum
553 1913 762 1983 transferret.
1591 1929 1595 1940 ·

410 2011 704 2096 Quemadmodum
730 2011 941 2106 temporibus
966 2011 1075 2104 quinti
1107 2011 1235 2082 saeculi
1269 2013 1305 2084 in
1330 2013 1477 2086 ecclesia
1503 2009 1669 2084 catholica
1696 2012 1840 2106 mystica

309 2137 413 2208 quam
447 2127 570 2189 vocant
607 2112 857 2209 contemplandi
891 2115 977 2186 ratio
1011 2113 1046 2184 in
1083 2113 1217 2207 scriptis
1255 2114 1542 2209 Pseudodionysii
1576 2114 1684 2208 prima
1720 2125 1841 2198 exorta

310 2230 363 2290 est
381 2215 433 2313 ⁵),
479 2228 700 2314 posteaquam
726 2217 801 2307 ejus
826 2215 978 2288 doctrina
1013 2214 1057 2287 ad
1089 2226 1221 2288 certum
1248 2215 1350 2287 linem
1377 2227 1412 2290 et
1438 2217 1481 2288 ad
1507 2215 1640 2287 firmam
1667 2215 1840 2287 formatio·

309 2341 387 2392 nem
413 2321 570 2414 pervenit
602 2331 704 2413 atque
729 2341 807 2392 cum
833 2318 1040 2400 acerbitate,
1078 2339 1124 2389 ex
1151 2327 1246 2412 parte
1271 2316 1446 2390 bominum
1473 2318 1702 2390 conscientias
1725 2327 1840 2412 tyran·

310 2423 387 2494 nice
404 2421 595 2495 dominanti
612 2420 656 2514 ⁶),
683 2421 860 2514 integritas
886 2420 1061 2493 doctrinae
1085 2429 1220 2490 servata
1244 2430 1317 2492 est:
1348 2421 1393 2492 ita
1420 2423 1456 2493 in
1481 2421 1628 2494 ecclesia
1649 2419 1841 2491 Lutherana

309 2524 463 2596 similiter
486 2525 675 2620 comparuit
700 2521 870 2614 theologia
896 2522 1063 2618 mystica,
1090 2533 1270 2615 postquam
1296 2524 1440 2595 formula
1466 2523 1675 2596 concordiae
1700 2543 1840 2616 compo·

309 2628 373 2698 sita
403 2626 557 2699 doctrina
583 2627 751 2699 ecclesiae
784 2635 923 2696 nostrae
954 2621 1130 2695 adfinem
1163 2625 1335 2716 quenmm
1370 2625 1533 2720 perducta
1559 2625 1682 2696 animis
1708 2622 1839 2695 theolo-

307 2749 428 2820 gorum
455 2730 647 2801 facultatem
674 2727 816 2808 obtulit,
857 2727 890 2797 in
926 2748 1006 2798 eum
1040 2726 1232 2799 accuratius
1267 2727 1462 2820 inquirendi
1497 2735 1532 2799 et
1568 2724 1837 2799 contradicendi.

308 2831 419 2916 Quum
455 2830 625 2924 theologia
659 2829 860 2903 scholastica
895 2829 1126 2902 effloresceret
1163 2838 1198 2899 et
1232 2829 1499 2902 dominationem
1536 2829 1726 2922 quandam,
1771 2848 1839 2920 qua

306 2947 421 3006 tamen
448 2930 540 3005 haud
566 2954 643 3006 raro
665 2934 708 3005 ad
735 2932 892 3004 minimas
918 2953 975 3003 res
999 2928 1199 3004 scrutandas
1225 2931 1319 3003 abuti
1342 2933 1516 3016 solebant,
1553 2932 1598 3004 ad
1625 2953 1663 3004 se
1690 2941 1836 3026 raperet,

308 3037 342 3108 in
376 3037 523 3109 ecclesia
554 3035 720 3108 catholica
756 3033 975 3107 illustrissimi
1009 3031 1166 3105 homines
1197 3034 1334 3129 mystici
1369 3034 1488 3106 aetatis
1526 3034 1661 3106 mediae
1696 3033 1837 3104 excitati

309 3147 407 3210 sunt:
453 3139 555 3210 etiam
588 3139 623 3209 in
652 3137 799 3210 ecclesia
823 3134 1013 3208 Lutherana
1045 3135 1133 3206 hanc
1168 3136 1346 3230 mysticam
1382 3135 1587 3229 theologiam
1620 3135 1839 3208 efflorescere

308 3241 486 3322 videmus,
524 3262 628 3333 quum
661 3251 709 3312 tot
742 3238 933 3332 theologiae
961 3239 1122 3311 doctores
1154 3247 1188 3309 et
1220 3250 1462 3334 praeceptores
1499 3239 1563 3334 ipsi
1595 3239 1629 3309 in
1665 3238 1738 3310 sola
1770 3234 1839 3308 lide

308 3341 470 3414 historica
496 3343 799 3435 conquiescerent,
827 3353 861 3414 et
886 3343 931 3412 ita
957 3341 1147 3412 animorum
1173 3341 1349 3424 securitas,
1376 3361 1631 3434 nonnumquam
1655 3340 1839 3435 voluptatis

308 3443 507 3515 libidinibus
533 3443 660 3525 dedita,
687 3446 758 3516 vim
783 3444 953 3536 quandam
980 3439 1123 3514 haberet
1143 3439 1185 3537 ⁷).
1226 3443 1378 3516 Ecclesia
1404 3441 1595 3515 Lutberana
1622 3465 1668 3515 ex
1695 3441 1839 3514 summis

308 3544 621 3639 diversissimisque
653 3549 819 3643 mysticae
854 3545 1044 3637 theologiae
1078 3544 1338 3618 formationibus
1370 3567 1449 3618 sese
1483 3545 1649 3640 expedire
1676 3545 1837 3626 debebat,

308 3648 505 3742 priusquam
537 3648 580 3720 ad
617 3648 822 3740 theologiam
853 3648 1031 3743 mysticam
1064 3667 1182 3718 sanam
1216 3649 1416 3741 animosque
1450 3649 1708 3729 delenientem,
1749 3667 1839 3738 quaa

308 3773 474 3846 prospera
500 3751 535 3822 in
561 3752 665 3822 vitam
692 3762 868 3824 externam
891 3751 928 3820 vi
953 3750 1222 3842 auctoritateque
1248 3771 1309 3822 usa
1335 3761 1409 3831 est,
1451 3751 1632 3845 pervenire
1659 3759 1775 3845 posset
1794 3745 1838 3840 Β).

308 3853 463 3935 Amdtii,
510 3854 685 3935 Muelleri,
724 3853 872 3926 Scriveri
907 3853 1095 3924 sententiae
1113 3849 1145 3947 9)
1179 3874 1223 3923 ex
1257 3850 1322 3924 hoe
1358 3853 1503 3947 mystico
1537 3853 1630 3924 tonte
1666 3852 1839 3946 proiectae

308 3968 387 4028 sunt
408 3965 443 4026 et
468 3956 501 4026 in
529 3957 671 4049 singulis
693 3955 913 4051 opinionibus
939 3953 1212 4046 imaginibusque
1234 3954 1277 4026 ad
1300 3954 1548 4049 praecedentes
1571 3955 1735 4050 mysticos
1759 3977 1838 4028 sese

308 4058 573 4152 applicaverunt.
626 4059 680 4128 Ex
710 4058 835 4154 pietate
865 4077 947 4127 vera
982 4077 1022 4128 ac
1051 4057 1123 4129 Deo
1149 4055 1265 4128 dedita
1291 4067 1432 4128 exortae
1467 4058 1500 4127 in
1530 4058 1616 4130 alios
1647 4057 1837 4130 maximum

308 4159 374 4232 sibi
401 4171 610 4232 momentum
636 4169 851 4256 pepererunt.
904 4158 1004 4232 Nullo
1027 4158 1130 4230 modo
1153 4158 1424 4252 denegabimus,
1451 4181 1516 4231 nos
1539 4160 1572 4230 in
1596 4159 1693 4232 libris
1715 4157 1837 4232 horum

389 4374 415 4458 ⁴)
448 4378 654 4448 llossbach,
690 4382 809 4455 Spener.
840 4383 860 4437 l.
892 4399 920 4454 p.
944 4385 1003 4451 ⁶⁰3
1046 4381 1228 4448 Ullmann,
1260 4380 1477 4442 Reformatoreu
1498 4398 1553 4438 vor
1574 4381 1627 4438 der
1647 4382 1771 4441 Reform.
1803 4387 1837 4440 ll.

307 4469 419 4539 piat.
433 4468 584 4524 attath.
628 4467 664 4524 cl.
685 4473 835 4538 praeterea
856 4465 1087 4533 llndelbaob,
1125 4465 1152 4520 d.
1176 4467 1274 4522 histor.
1298 4466 1388 4524 llecbt
1409 4467 1463 4522 dar
1483 4467 1608 4524 llelorm.
1637 4469 1666 4524 in
1689 4468 1835 4526 ltudelb.

307 4551 454 4609 neuen
477 4549 644 4608 zeitschrift.
670 4553 873 4609 totalitas.
897 4552 1002 4623 plle.
1028 4579 1066 4594 -·
1111 4546 1136 4628 ⁵)
1151 4551 1340 4616 'Gieselem
1363 4551 1611 4611 lllrchen-Gescb.
1633 4554 1658 4622 1,
1676 4558 1703 4612 2.
1728 4551 1835 4610 adult

307 4638 417 4708 palte.
440 4663 479 4678 -
531 4629 556 4713 ὅ)
577 4637 778 4704 Delitzsch‚
803 4637 856 4694 der
876 4635 1063 4707 naturpbilos.
1085 4637 1250 4709 llyslicism.
1272 4637 1302 4692 in
1324 4636 1471 4694 ltudclb·
1494 4653 1522 4694 u.
1546 4639 1646 4696 Guer.
1668 4638 1835 4696 zeitschrilt.

312 4722 400 4778 tart.
425 4723 452 4776 3.
474 4725 565 4792 pat.
588 4749 626 4764 -
692 4715 717 4799 7)
745 4721 942 4787 Guarioke,
964 4719 1213 4779 llirohen-Gescb.
1235 4723 1279 4778 lll.
1302 4739 1330 4794 p.
1346 4724 1413 4779 tro.
1438 4751 1477 4763 -
1543 4716 1568 4802 8)
1597 4723 1835 4794 llagenbaeh,

307 4805 429 4863 Vurless
451 4805 494 4862 Ill.
518 4809 629 4878 pata.
653 4835 692 4850 -
765 4801 790 4884 ⁹)
823 4804 1047 4877 llagenbach.
1069 4805 1107 4864 ib.
1132 4824 1160 4880 p.
1176 4807 1254 4875 ³7⁴3
1299 4808 1334 4864 cl.
1357 4805 1558 4875 llossbach,
1583 4807 1702 4880 Spener.
1725 4811 1753 4877 l,
1779 4812 1835 4879 6⁰3

307 4889 418 4958 llorn,
443 4890 546 4949 Gesclr.
571 4892 624 4950 der
646 4893 745 4950 Poesie
766 4907 872 4950 new.
890 4893 909 4947 l.
933 4891 1040 4962 pttl.
