4770 6086
1010 683 1056 758 ll

264 895 372 968 libros
400 889 571 966 immerito
596 909 636 961 so
662 887 837 982 recepisse
863 909 927 984 pro
951 889 1047 962 lalsis
1072 887 1145 961 suis
1172 886 1421 982 opinionibus,
1437 886 1538 959 nobis
1564 895 1795 964 asseveratur,

264 1009 377 1070 tarnmr
403 994 517 1068 statim
547 991 705 1074 additur,
743 990 921 1084 utriusque
953 990 1143 1064 doctrinam
1176 999 1354 1084 tantopere
1392 989 1542 1071 distare,
1581 997 1795 1082 quantopere

265 1101 396 1172 interna
422 1099 551 1170 distent
575 1113 596 1164 a
618 1087 792 1188 0001012).

363 1305 461 1390 IV,
510 1305 650 1388 Omnes,
677 1325 764 1400 quas
789 1325 901 1396 usqne
925 1304 991 1378 buc
1017 1305 1249 1384 tractavimus,
1275 1303 1530 1376 criminationes
1557 1305 1592 1375 in
1616 1301 1797 1374 Arndtiunr

265 1413 416 1508 prolatae
441 1428 504 1504 pro
531 1405 638 1479 nihilo
665 1409 738 1479 fere
765 1405 946 1479 habendae
971 1429 1051 1480 esse
1078 1407 1251 1486 videntur,
1280 1407 1309 1478 si
1335 1406 1379 1478 ad
1407 1407 1629 1500 insequentes
1658 1405 1797 1500 respici·

265 1535 353 1586 mos.
403 1510 547 1582 Arndtio
582 1510 828 1604 exprobratum
864 1519 918 1580 est
948 1519 983 1581 ct
1019 1509 1187 1582 Osiauder
1226 1509 1351 1581 multos
1384 1510 1480 1580 locos
1512 1529 1558 1580 ex
1590 1508 1685 1579 libris
1722 1507 1797 1596 ejus

264 1615 405 1688 laudare
432 1613 547 1684 studet
580 1633 642 1707 pro
669 1633 731 1683 sua
755 1611 945 1692 sententia,
986 1623 1161 1685 auctorem
1187 1621 1342 1682 nostrum
1366 1611 1400 1680 in
1424 1611 1598 1682 nonnullis
1619 1610 1798 1681 doctrinae

265 1715 447 1791 momentis
474 1715 558 1786 tarsa
581 1713 730 1800 docere;
770 1734 883 1805 neque
918 1714 1010 1786 enim
1047 1715 1091 1786 ad
1115 1725 1255 1786 nostrae
1290 1713 1459 1784 ecclesiae
1493 1712 1684 1784 doctrinam
1718 1731 1797 1782 sese

266 1821 461 1899 inclinasse,
490 1814 553 1888 sed
579 1816 652 1887 suis
679 1817 788 1911 ipsius
814 1815 1077 1907 cogitationibus
1097 1815 1293 1896 indulsisse,
1322 1815 1425 1886 imrno
1451 1815 1632 1886 nonnullas
1660 1824 1797 1886 senten-

266 1925 331 1996 tias
367 1941 446 1993 cnm
478 1917 632 1990 doctrina
668 1915 835 1989 catholica
862 1921 1068 1991 consentire.
1121 1919 1302 1990 Praeterea
1336 1917 1525 1988 adversarii
1551 1917 1676 1987 multos
1703 1917 1799 1986 locos

266 2025 468 2103 attulerunt,
493 2019 632 2112 ⁴quibus
659 2020 805 2114 scriptor
830 2017 875 2089 ab
902 2022 1070 2094 ecclesiae
1096 2019 1309 2092 Lutberanae
1340 2019 1480 2111 quidem
1516 2018 1671 2090 doctrina
1699 2018 1800 2112 plane

268 2111 336 2199 non
360 2120 571 2203 discesserit,
596 2131 745 2192 atamen
773 2123 962 2194 sententias
989 2123 1176 2217 protulerit,
1203 2142 1293 2214 quae
1320 2121 1418 2192 lacile
1446 2122 1480 2192 in
1508 2122 1630 2192 salsum
1658 2141 1800 2191 sensum

268 2249 309 2301 ac
344 2225 478 2300 somnia
510 2225 655 2294 lunatica
694 2225 783 2294 verti
818 2225 961 2318 possint.
1029 2227 1178 2322 Impetus
1209 2225 1243 2294 irr
1278 2222 1412 2295 Arndtii
1448 2222 1688 2296 orthodoxiam
1721 2220 1800 2293 lacti

268 2339 347 2404 sunt
371 2340 407 2401 et
433 2335 573 2422 propter
597 2323 787 2398 doctrinam
819 2325 865 2396 de
892 2327 1137 2399 illuminatione
1169 2336 1203 2398 et
1238 2326 1284 2398 de
1306 2323 1559 2416 justificatione.
1612 2324 1723 2396 Facile
1748 2324 1800 2393 vi·

267 2433 409 2510 demus
435 2427 615 2500 Arndtium
642 2429 677 2498 in
704 2426 757 2498 bis
782 2427 866 2522 ipsis
891 2429 1057 2501 doctrinis
1085 2449 1171 2502 suae
1196 2429 1316 2501 aetatis
1343 2429 1562 2522 opinionibus
1588 2449 1668 2500 sese
1694 2447 1801 2521 oppo-

268 2535 397 2618 suisse3
424 2532 531 2602 altera
556 2529 601 2601 ab
627 2531 733 2601 altera
755 2529 911 2601 doctrina
935 2531 1069 2624 sejungi
1095 2531 1223 2624 nequit,
1251 2532 1281 2603 sl
1308 2545 1402 2602 recte
1429 2529 1619 2622 intelligere
1633 2530 1737 2614 velis3
1766 2528 1801 2597 in

267 2635 322 2708 bis
354 2631 605 2725 conjungendis
638 2653 809 2703 summurn
835 2631 1103 2707 Arndtianorum
1130 2634 1295 2705 librorum
1328 2632 1508 2704 consilium
1541 2642 1615 2704 erat
1641 2632 1799 2726 positum.

368 2736 428 2823 Α.)
478 2735 572 2806 Deus
603 2735 679 2828 ipse
704 2745 763 2805 aut
789 2733 941 2807 Christus
967 2747 1023 2808 aut
1051 2737 1188 2830 spiritns
1217 2744 1355 2808 sanctus
1377 2733 1552 2806 bominem
1572 2730 1801 2828 illuminat1).

370 2837 633 2911 Controversiae
668 2846 770 2932 caput
805 2833 872 2909 boc
906 2859 987 2910 esse
1012 2837 1167 2910 videtur:
1205 2835 1402 2920 Quaeritur,
1436 2847 1548 2908 utrum
1574 2835 1738 2907 Arndtius
1766 2837 1801 2906 in

268 2941 427 3014 doctrina
453 2938 499 3010 da
525 2938 772 3010 illuminatione
795 2937 942 3011 bominis
971 2938 1160 3035 profitenda
1179 2940 1334 3031 Wcigelii
1362 2949 1501 3011 secutus
1527 2940 1571 3010 sit
1585 2937 1800 3018 sententiam,

268 3065 391 3116 necne.
437 3040 624 3132 Weigelius
643 3040 742 3122 dixit,
767 3061 787 3110 a
810 3042 929 3140 spirito
956 3053 1076 3116 sancto
1093 3040 1265 3114 bominem
1294 3042 1407 3114 subito
1422 3041 1547 3135 corripi
1568 3053 1670 3134 atque
1691 3040 1801 3112 Deum

270 3146 446 3242 extemplo
471 3143 546 3215 sine
573 3153 718 3215 externo
745 3144 860 3215 medio
888 3146 921 3216 in
948 3143 1098 3217 bominis
1124 3146 1238 3217 animo
1265 3145 1429 3237 revelari3
1465 3143 1689 3235 quamobrem
1711 3143 1802 3216 Wei-

270 3247 379 3340 gelius
404 3248 494 3318 inter
522 3245 692 3316 internum
707 3244 770 3316 Dei
797 3247 944 3317 verbum
967 3247 1122 3320 distinxit
1149 3257 1183 3318 et
1209 3259 1402 3318 externum.
1454 3246 1525 3315 Jarn
1553 3245 1696 3317 Arndtio
1720 3247 1802 3318 vivo

270 3371 316 3422 ex
338 3349 434 3420 libris
452 3347 529 3438 ejus
547 3347 760 3441 exprobrare
785 3349 980 3430 voluerunt,
1007 3371 1085 3419 eum
1111 3347 1157 3420 de
1180 3349 1428 3419 illuminatione
1451 3349 1555 3418 animi
1578 3347 1716 3418 bomani
1742 3369 1804 3443 per

272 3452 427 3548 spiritum
443 3460 612 3521 'sanctum
643 3450 720 3522 sine
747 3451 878 3540 gratiae
902 3451 1027 3523 modiis
1054 3451 1116 3522 Dei
1147 3451 1246 3523 verbi
1283 3461 1328 3521 et·
1350 3460 1641 3522 sacramentorum
1668 3451 1802 3536 dicere;

270 3571 360 3647 quas
382 3563 498 3624 manen
523 3551 780 3624 criminationes
791 3552 956 3624 Arndtius
983 3553 1057 3648 ipse
1084 3553 1117 3622 in
1145 3553 1289 3647 epistola
1304 3552 1583 3633 adlllentzerum,
1607 3550 1804 3643 theologum

271 3656 502 3733 Glossenscnt
525 3654 663 3744 rejecit:
698 3653 819 3737 „Quod
836 3664 950 3725 autern
978 3655 1129 3750 suspicio
1152 3652 1197 3725 de
1224 3655 1416 3728 manliana
1442 3655 1626 3725 nonnullos
1651 3655 1803 3736 incessit,

273 3757 331 3841 „td
357 3756 527 3838 indeest,
554 3755 648 3848 quod
674 3749 784 3828 obiter
809 3758 963 3852 legentes
986 3777 1084 3829 meos
1110 3756 1216 3827 libros
1241 3757 1287 3828 de
1302 3779 1337 3828 v.
1351 3756 1428 3829 Cbr.
1455 3765 1583 3851 putant,
1609 3777 1665 3827 me
1681 3756 1802 3852 praxin

273 3859 388 3942 „illam
412 3860 503 3930 vitae
529 3855 763 3938 Christianae,
795 3879 897 3952 quam
924 3879 1054 3950 urgeo,
1090 3859 1165 3930 sine
1191 3857 1333 3940 mediis,
1368 3860 1478 3931 verbo
1503 3859 1662 3930 nimirum
1684 3859 1805 3930 divino

273 3973 332 4044 „et
351 3961 586 4044 sacramentis,
610 3961 752 4041 docere,
780 3961 815 4031 in
841 3981 908 4059 qua
936 3972 1049 4032 tamen
1077 3981 1115 4033 re
1140 3961 1288 4032 maxime
1311 3961 1471 4033 lalluntur
1488 3956 1559 4059 1).“
1614 3962 1686 4033 Ηοο
1711 3971 1805 4032 certe

273 4065 392 4156 negari
424 4064 555 4155 nequit,
579 4062 760 4136 Amdtinm
777 4065 821 4134 in
848 4085 973 4156 magno
999 4063 1152 4160 periculo
1178 4072 1353 4135 versatum
1380 4085 1470 4147 esse,
1499 4063 1533 4134 in
1558 4085 1694 4136 errores
1713 4062 1805 4134 Wei-

272 4165 418 4260 gelianis
443 4166 574 4238 similes
598 4165 713 4239 delabi
730 4164 774 4264 ³).

361 4382 400 4466 12)
421 4387 548 4459 Prltlung
572 4386 625 4443 des
648 4387 681 4444 G.
704 4389 744 4445 El.
769 4389 860 4445 Praet.
882 4391 994 4462 part.
1017 4417 1056 4430 -
1122 4385 1143 4468 ¹)
1166 4390 1201 4446 cl.
1225 4390 1249 4463 5.
1265 4392 1291 4447 l.
1313 4407 1341 4462 p.
1362 4393 1409 4446 36.
1434 4417 1472 4430 -
1531 4383 1555 4467 ²)
1580 4387 1700 4447 aaoct
1716 4391 1802 4444 ⁴620.

275 4472 310 4530 cl.
333 4471 408 4545 apol
432 4472 531 4532 Arndt
563 4471 640 4545 apud
663 4473 858 4530 llambacb.
883 4475 934 4541 ill,
957 4491 983 4546 p.
999 4471 1113 4531 40371).
1140 4503 1178 4516 -
1244 4469 1271 4553 ³)
1293 4476 1381 4531 llecte
1398 4474 1509 4547 judicat
1530 4475 1683 4531 boemus
1706 4469 1804 4550 [Lond.

276 4559 365 4614 ⁴7⁰8.
388 4563 456 4613 tom.
477 4559 503 4624 1,
527 4557 612 4631 5:⁴9.
642 4554 762 4636 p.lo.l:
791 4560 878 4626 „ticet
904 4555 1085 4629 candidatur
1116 4561 1260 4616 internam
1292 4562 1416 4616 maxime
1445 4561 1608 4630 requireret
1638 4553 1805 4635 (Arndtlus),

274 4647 524 4710 „tantomtamen
547 4641 653 4705 aberat
677 4649 710 4699 ut
731 4657 824 4700 vanae
845 4659 880 4701 ac
900 4659 1004 4715 aegrae
1025 4647 1130 4702 mentis
1152 4645 1260 4701 deliciis
1284 4659 1318 4700 ac
1341 4645 1595 4705 lascinatiooibus.
1616 4644 1806 4714 quaegratiae

274 4727 388 4794 „marlia
411 4725 574 4794 excludant,
597 4731 841 4800 patrocinaretur,
875 4737 906 4786 ut
926 4729 1022 4800 pullus
1045 4735 1162 4787 erroro
1184 4731 1241 4786 boc
1262 4743 1352 4802 opere
1374 4734 1486 4803 pateat,
1513 4730 1623 4786 autoris
1645 4727 1805 4784 doctrinam

275 4811 490 4879 „eo'tendsre,
525 4817 556 4870 ot
577 4825 735 4885 suppresso
757 4817 865 4870 amoris
886 4815 996 4886 proprii
1018 4819 1100 4872 aestu
1122 4815 1284 4886 deletisque
1307 4813 1497 4872 mendacibus
1524 4818 1678 4885 corruptae
1701 4815 1808 4870 montis

275 4896 386 4966 „ideis,
416 4897 546 4956 divium
567 4898 675 4969 gratiae
697 4899 797 4956 lumen
823 4900 939 4956 animae
961 4899 1110 4958 facultates
1137 4899 1214 4956 bene
1241 4905 1409 4974 repurgatas
1443 4905 1477 4977 et‘
1499 4901 1689 4966 amniticatas,
1724 4898 1805 4956 verbi
