4770 6086
1311 674 1358 750 88

573 905 649 955 rum
674 881 938 953 Amdtianorom
974 879 1172 951 auctoritate
1205 889 1330 952 statuet
1362 878 1613 960 dubitationes,
1653 881 1854 974 praesertim
1886 905 1992 974 quum
2019 903 2093 981 per·

573 985 753 1056 multorum
780 986 881 1056 etiam
905 983 1047 1054 aliorum
1074 982 1276 1054 testimoniis
1303 982 1351 1053 611
1365 982 1547 1076 possimus.
1600 980 1718 1064 Quid?
1743 984 1838 1076 quod
1863 983 2094 1058 661161666-

575 1087 671 1159 retici
697 1086 952 1158 611666116116
979 1085 1086 1156 libros
1112 1082 1246 1154 Arndtii
1273 1084 1570 1179 provocaverunt!

675 1187 830 1260 Breviter
853 1189 922 1277 jam
948 1207 1278 1266 commemoremus,
1313 1205 1416 1279 quam
1442 1186 1544 1277 longe
1570 1186 1705 1278 lateque
1738 1187 1815 1258 libri
1839 1187 2018 1261 Arndtiani
2043 1188 2093 1260 di·

573 1291 701 1383 vulgati
727 1291 810 1371 siut,
839 1313 883 1362 ex
909 1310 977 1382 quo
1003 1289 1193 1360 clarissime
1220 1288 1383 1368 elucebit,
1411 1309 1473 1360 eos
1499 1307 1657 1378 magnum
1685 1299 1893 1364 momentum
1919 1290 1962 1364 ad
1989 1292 2093 1386 pieta·

573 1407 642 1464 tem
682 1393 847 1465 lectorum
878 1389 1068 1482 augendam
1101 1387 1263 1462 babuisse
1298 1391 1492 1481 nostrisque
1526 1390 1737 1485 temporibus
1770 1391 1910 1464 babere.
1977 1394 2093 1466 Statim

574 1505 653 1591 post
680 1496 824 1590 primum
851 1493 974 1564 librum
999 1492 1127 1564 editum
1152 1493 1187 1562 16
1205 1492 1378 1573 Helvetia,
1406 1491 1465 1561 ubi
1491 1492 1592 1566 ambo
1615 1495 1798 1566 Bccmauni
1826 1495 1860 1566 iu
1886 1495 1992 1568 libros
2018 1497 2092 1570 illos

575 1599 701 1670 invecti
724 1607 819 1678 sunt,
854 1597 979 1666 librum
1011 1599 1101 1666 nova
1123 1596 1232 1666 forma
1264 1594 1298 1664 in
1326 1594 1448 1684 vulgus
1482 1595 1656 1688 prodisse,
1688 1595 1756 1685 jam
1785 1606 1884 1668 autea
1909 1599 2091 1670 attulimus.

574 1699 642 1770 Sed
669 1721 738 1770 nou
766 1700 876 1770 solum
903 1698 936 1768 iu
953 1697 1132 1768 Germania
1158 1696 1327 1788 terrisque
1352 1693 1512 1767 affinibus
1540 1697 1731 1770 invenimus
1758 1699 1863 1770 libros
1875 1698 2091 1781 Amdtiauos,

572 1803 678 1872 immo
708 1802 796 1872 inter
822 1822 941 1871 omues
967 1798 1111 1893 populos
1148 1799 1303 1868 excultos
1330 1797 1454 1891 scripta
1480 1797 1614 1870 Arndtii
1640 1799 1807 1890 leguntur.
1859 1802 1985 1876 Oculos
2010 1823 2091 1876 cou-

572 1912 687 1974 vertas
719 1904 752 1972 iu
778 1902 990 1996 Hispaniam,
1028 1899 1087 1970 ubi
1112 1899 1155 1970 ab
1179 1899 1326 1992 antiquis
1352 1900 1562 1993 temporibus
1592 1901 1710 1991 religio
1742 1901 1906 1976 catholica
1930 1905 2091 1997 plurimos

570 2007 699 2076 amicos
726 2003 1075 2095 diligentissimosque
1102 2011 1289 2074 sectatores
1316 2001 1382 2073 sibi
1399 2003 1619 2097 comparavit,
1647 2003 1781 2076 Arndtii
1804 2005 1912 2078 libros
1923 2006 2090 2080 invenies

570 2109 628 2179 Vir
652 2107 793 2187 doctus,
827 2115 926 2175 autea
954 2105 1129 2198 professor
1150 2103 1339 2184 Hallensis,
1376 2125 1481 2195 quum
1512 2105 1546 2175 iu
1569 2105 1763 2199 Hispaniam
1789 2108 1943 2180 venisset
1967 2108 2091 2180 611116-

571 2210 651 2282 driti
677 2209 711 2278 iu
732 2205 974 2278 bibliothecam
1001 2207 1136 2298 collegii
1164 2206 1346 2300 imperialis
1358 2206 1561 2276 lesuitarum
1586 2207 1839 2302 perduceretur,
1866 2210 2091 2284 exmonacho

569 2310 720 2404 quodam
751 2309 939 2401 quaesivit,
981 2330 1084 2402 quem
1115 2308 1239 2380 librum
1271 2309 1455 2380 asceticam
1481 2309 1628 2382 lesuitao
1664 2333 1725 2404 pro
1759 2312 1887 2405 optimo
1914 2309 2090 2386 habereut.

569 2413 719 2485 Libellus
743 2412 882 2490 latinus,
915 2411 974 2503 qui
1000 2411 1094 2483 titulo
1121 2431 1161 2482 ao
1188 2409 1254 2482 fine
1281 2408 1437 2492 carebat,
1472 2412 1505 2482 ei
1530 2413 1724 2506 propositus
1751 2423 1820 2498 est;
1860 2424 1935 2486 erat
1958 2413 2091 2488 Arndtii

570 2514 839 2587 christianismus
852 2509 914 2601 ³5).

671 2618 966 2710 supervacaneum
1004 2625 1058 2686 est
1083 2634 1302 2695 enumerare,
1348 2615 1382 2684 iu
1419 2625 1503 2706 quot
1533 2614 1666 2706 linguas
1702 2614 1779 2690 libri
1819 2619 1979 2692 conversi
2013 2619 2089 2692 siut.

570 2719 660 2802 Quot
686 2721 838 2810 linguae,
871 2718 971 2788 toties
995 2719 1066 2789 iere
1092 2716 1225 2788 Arndtii
1252 2716 1329 2788 libri
1352 2716 1396 2788 da
1422 2738 1506 2788 vero
1532 2715 1787 2790 Christianismo
1813 2721 1972 2792 conversi
1999 2731 2088 2794 suut.

569 2824 606 2893 ln
634 2841 827 2894 sermonem
851 2821 1028 2890 Suecicum
1053 2819 1131 2890 libri
1153 2818 1265 2890 traditi
1292 2829 1370 2890 sunt
1396 2839 1485 2890 anno
1514 2818 1622 2900 1671,
1650 2820 1801 2892 Holmiae
1828 2821 1930 2906 euti,
1962 2821 2089 2896 Dauioa

569 2925 685 2996 versio
726 2922 881 3017 apparuit
907 2942 998 2992 auno
1028 2921 1135 2992 1763.
1216 2920 1416 2992 Versionem
1450 2921 1738 3013 Francogullicam
1773 2923 1897 2994 eodem
1937 2934 2089 3020 tempore

570 3026 715 3098 Noaillio
752 3024 913 3095 cardinali
947 3023 1203 3118 proponendam
1236 3023 1368 3094 curavit
1401 3024 1641 3114 Hafemugius3
1681 3045 1782 3115 quam
1817 3025 2003 3100 editionem
2034 3029 2089 3102 ille

568 3129 657 3200 adeo
681 3150 748 3198 uon
776 3127 989 3220 improbavit,
1014 3137 1050 3196 ut
1069 3126 1285 3205 concederet,
1311 3145 1389 3197 eam
1413 3126 1447 3196 in
1466 3125 1698 3216 Francogallia
1724 3125 1892 3218 divulgari
1905 3121 1964 3222 ³⁶).
2017 3131 2089 3202 166

568 3251 659 3302 anuo
686 3228 781 3300 1611
807 3229 969 3300 librorum
995 3225 1133 3318 Belgica·
1165 3228 1280 3299 versio
1307 3237 1470 3324 concepta
1497 3237 1565 3312 est;
1602 3237 1703 3319 atque
1732 3228 1829 3302 1616
1852 3231 1979 3324 primus
2002 3233 2089 3304 liber

569 3334 604 3402 iu
628 3352 823 3402 sermonem
835 3329 1013 3422 Anglicum
1040 3325 1326 3417 1666116666131).
1379 3330 1512 3424 Lipsiae
1535 3330 1742 3404 66661701
1771 3353 1859 3403 nova
1886 3333 1987 3406 latina
2011 3357 2088 3407 ver·

569 3433 621 3505 sio
648 3434 738 3505 edita
761 3444 814 3504 est
840 3455 918 3506 cum
944 3431 1196 3526 prolegomenis
1214 3432 1323 3512 Pritii,
1363 3431 1398 3502 iu
1424 3432 1550 3523 quibus
1573 3429 1620 3526 (p.
1643 3431 1719 3524 16.)
1746 3432 1801 3506 616
1823 3436 1972 3526 quaerit,
2005 3435 2089 3530 quid

569 3536 684 3608 multis
711 3557 798 3629 opus
826 3536 869 3608 sit
894 3535 1029 3614 vorbis,
1062 3533 1121 3605 ubi
1148 3535 1275 3606 fructus
1303 3543 1369 3603 tam
1398 3533 1508 3606 lucide
1532 3535 1796 3628 perspicientem
1833 3533 1899 3610 hoc
1923 3538 2009 3611 libro
2035 3561 2088 3610 re·

569 3659 653 3710 vera
678 3637 942 3710 innumerabiles
977 3635 1021 3708 ad
1051 3637 1278 3727 coguitionem
1311 3636 1428 3708 salutis
1463 3634 1804 3731 66666166666635).
1866 3639 1960 3726 Quae
1982 3642 2089 3712 verba

569 3741 720 3813 Boemus
755 3739 966 3811 arnoltus
1005 3738 1169 3832 imprimis
1196 3736 1239 3810 de
1265 3738 1384 3829 Anglia
1420 3738 1548 3819 fundit,
1596 3738 1718 3812 eodem
1749 3741 1825 3832 juro
1856 3742 1901 3814 de
1927 3742 2089 3816 universa

567 3841 702 3938 Europa
735 3841 851 3913 dicere
884 3863 1087 3935 possumus:
1143 3839 1210 3922 ‚,de
1245 3837 1499 3912 christianismo
1531 3841 1618 3912 liber
1645 3841 1772 3934 ubique
1795 3844 1909 3934 magni
1932 3842 1984 3927 61,
2024 3869 2089 3918 666

569 3965 719 4040 „parvos
749 3943 823 4014 tulit
848 3945 881 4014 in
906 3943 1006 4014 bonis
1031 3940 1193 4014 cordibus
1216 3944 1356 4021 fructus,
1381 3943 1429 4012 uti
1458 3953 1492 4013 et
1515 3954 1628 4014 cetera
1655 3941 1754 4032 hujus
1778 3946 1926 4017 auctoris
1952 3947 2087 4044 scripta,

571 4047 640 4128 „ob
669 4046 809 4118 modum
836 4044 936 4116 valde
963 4044 1197 4138 perspicuum,
1233 4064 1301 4136 quo
1336 4043 1479 4114 solidam
1506 4046 1665 4138 pietatem
1699 4057 1733 4116 et
1759 4047 1862 4119 vitam
1885 4070 1969 4121 vere
1995 4047 2087 4122 Chri·

571 4149 741 4231 ‚,stianam
766 4148 943 4242 proponit,
995 4167 1177 4238 numquam
1223 4146 1409 4240 scripturae
1458 4165 1575 4218 sacrae
1621 4148 1774 4219 terminis
1819 4159 1853 4219 et
1875 4153 2088 4224 auctoritate

571 4249 761 4340 „neglectis
773 4245 858 4340 39).“
910 4249 985 4320 Non
1012 4248 1178 4318 immerito
1204 4247 1443 4320 Weismannus
1466 4247 1569 4320 dixit:
1616 4271 1707 4332 „non
1736 4261 1789 4322 est
1814 4273 1919 4346 opus,
1949 4264 1985 4324 ut
2011 4277 2086 4350 pro·

572 4353 741 4435 ,‚bemus‚
778 4353 887 4446 ipsum
914 4351 1023 4422 Deum
1057 4347 1225 4443 stupendo
1263 4359 1297 4422 et
1330 4349 1492 4442 singulari
1527 4337 1686 4448 exemplo
1721 4351 1858 4426 labores
1882 4351 2087 4432 Amdtianos

655 4619 696 4703 ³⁵)
719 4625 850 4682 Walcb.
873 4625 903 4680 ll.
926 4641 954 4697 p.
974 4629 1070 4695 ll583
1103 4623 1316 4682 llambacbii
1337 4627 1425 4697 prael.
1451 4628 1481 4682 iu
1506 4633 1571 4684 166.
1595 4629 1621 4693 1,
1645 4644 1673 4699 p.
1691 4631 1736 4684 16.
1759 4659 1801 4670 -
1885 4623 1927 4706 36)
1950 4629 2083 4688 Walcb.

569 4713 818 4783 1161130.-
884 4703 1861 4786 37)11611.Βο661.1,66661632.ρ.27;5.31.6.19,.-
1924 4708 2086 4790 361166-
2189 4709 2197 4734 '

570 4795 680 4854 bacb.
705 4803 773 4854 tom.
798 4797 841 4862 lll,
864 4812 894 4867 p.
912 4799 1029 4864 l053a3
1060 4799 1132 4854 intra
1155 4797 1267 4868 priores
1288 4797 1433 4866 sexaginta
1456 4811 1550 4852 annos
1570 4803 1636 4854 6616
1658 4798 1788 4856 diversae
1810 4801 1959 4858 versiones
1980 4801 2085 4858 latinae

571 4881 664 4936 editae
686 4887 766 4952 suut;
789 4882 826 4940 61.
850 4881 960 4950 11666,
984 4882 1005 4940 1.
1028 4881 1049 4939 1.
1074 4882 1092 4948 l,
1116 4897 1147 4953 p.
1164 4882 1234 4939 118.
1258 4910 1299 4922 -
1373 4874 1414 4958 ³⁹]
1437 4881 1508 4940 Edit.
1531 4883 1661 4940 Bocmi.
1684 4885 1704 4949 l,
1727 4884 1816 4955 praet.
1837 4885 1862 4957 g.
1881 4887 1927 4941 18.
1950 4903 1977 4959 p.
1996 4889 2043 4942 16.
