4874 6060
1339 665 1395 740 aa

608 869 733 942 relicus
759 869 928 951 nascitur,
964 868 1166 964 theosophia
1183 863 1256 968 ²⁵),
1282 892 1386 963 quam
1409 881 1552 952 vocant,
1579 891 1668 963 quae
1694 870 1835 964 quidem
1860 889 1965 966 saepe
1990 870 2035 944 ad
2059 891 2136 944 sce-

606 973 747 1042 leratam
774 970 1024 1066 improbitatem
1052 972 1222 1066 perduxit
1276 974 1338 1044 Cui
1363 972 1604 1046 considerandi
1630 973 1752 1044 rationi
1779 975 1953 1070 proprium
1979 985 2032 1046 est
2042 983 2054 1056 ,'
2077 995 2135 1046 res
2169 1057 2171 1060 ,

606 1071 814 1164 theologicas
840 1083 874 1144 et
901 1075 1071 1146 naturales
1095 1074 1307 1149 confundere
1331 1072 1403 1171 ²⁶),
1451 1076 1609 1147 abstruse
1646 1078 1851 1171 perscrutari
1881 1087 1917 1148 et
1950 1077 2161 1150 insolenter.

605 1175 767 1247 simulare
790 1175 981 1272 peculiares
1006 1175 1142 1248 divinas
1164 1179 1418 1260 revelationes,
1459 1179 1585 1272 quihus
1614 1175 1718 1250 homo
1745 1177 1987 1274 theosophicus
2013 1178 2134 1260 Deum,

604 1278 768 1350 mundum
795 1290 830 1350 et
855 1275 1002 1350 hominis
1026 1287 1200 1362 naturam,
1226 1281 1402 1373 quomodo
1424 1303 1463 1352 se
1485 1282 1670 1372 attingant,
1697 1300 1907 1372 cognoscere
1932 1301 1971 1353 se
1993 1279 2133 1352 dictitat.

604 1380 713 1452 Deum
740 1389 775 1452 et
805 1379 969 1452 mundum
1000 1380 1162 1453 conlundi
1195 1403 1305 1477 paene
1339 1404 1475 1478 semper
1506 1395 1560 1455 est
1593 1379 1671 1454 finis
1705 1383 1781 1454 talis
1813 1382 1986 1475 cogitandi
2017 1381 2134 1468 modi,

605 1481 684 1554 huic
721 1481 935 1577 pantheismu
970 1481 1122 1555 deditum
1159 1484 1317 1557 videmus
1349 1485 1565 1558 Parucelsum
1581 1481 1654 1580 2Ί);
1694 1484 1838 1576 vestigia
1883 1507 1951 1558 non
1994 1483 2135 1556 meliora

604 1585 860 1677 subsequuntur
886 1581 1204 1668 Schwenkleldius,
1242 1586 1449 1678 Weigelius‚
1488 1586 1675 1660 Boehmius
1691 1583 1771 1684 ²⁸),
1808 1588 1875 1659 alii.
1944 1588 1997 1657 Ex
2028 1589 2134 1658 altera

603 1696 699 1782 parte
725 1687 824 1758 facile
850 1685 937 1758 lines
964 1687 1151 1781 prudenter
1176 1688 1348 1779 cogitandi
1373 1689 1491 1782 egredi
1516 1691 1665 1786 poteris,
1702 1690 1732 1761 si
1758 1689 1899 1784 mystica
1927 1689 2135 1784 contemplu-

604 1790 651 1860 tio
679 1801 746 1861 tam
774 1789 885 1861 valida
912 1786 968 1870 fit,
1008 1798 1044 1859 ut
1070 1810 1178 1883 penes
1205 1811 1344 1862 sensum
1372 1813 1504 1863 summa
1530 1792 1662 1888 imperii
1689 1792 1742 1864 sit.
1809 1791 1973 1886 Mysticus
1999 1792 2135 1864 animae

604 1891 755 1984 quietem
781 1890 931 1986 expetit,
974 1911 1062 1983 quae
1088 1891 1189 1963 nullis
1214 1891 1394 1966 aflectibus
1419 1915 1439 1964 a
1466 1894 1736 1990 contemplandis
1762 1892 1868 1966 rebus
1892 1893 2019 1966 divinis
2045 1892 2134 1965 ahri·

603 1994 724 2088 piatur.
788 1993 852 2077 Qui
893 1992 959 2064 hoo
989 1992 1092 2064 modo
1125 1995 1276 2085 quietem
1308 2007 1445 2091 captare
1478 1997 1642 2080 student,
1692 2017 1796 2091 saepe
1835 1995 1880 2066 ad
1914 1996 2133 2088 quietismum

604 2117 706 2187 quem
730 2095 847 2168 dicunt
869 2095 1111 2190 perducuntur.
1165 2097 1212 2167 lta
1234 2097 1379 2171 Molinos
1404 2099 1566 2194 expetiit,
1591 2110 1627 2170 ut
1649 2099 1783 2170 animus
1809 2120 1951 2194 prorsus
1974 2097 2134 2170 immotus

604 2197 808 2290 quietusque
829 2209 1022 2278 teneretur,
1061 2209 1097 2269 ut
1123 2219 1278 2272 summae
1304 2202 1535 2294 tranquillitati
1561 2210 1597 2272 et
1621 2202 1674 2274 sui
1701 2201 1808 2296 ipsius
1835 2200 2001 2272 oblivioni
2027 2199 2133 2272 dede-

604 2309 717 2384 retur;
754 2301 845 2370 illam
871 2321 952 2372 esse
978 2300 1140 2395 optimam
1166 2303 1421 2396 precationem,
1457 2305 1491 2374 in
1518 2325 1585 2396 qua
1611 2304 1702 2374 nulla
1728 2303 1856 2385 verba,
1893 2303 2007 2375 nullae
2033 2303 2134 2397 plane

603 2401 826 2494 cogitationes
853 2401 1024 2487 inessent,
1067 2404 1217 2474 animum
1244 2414 1422 2500 tantopere
1447 2406 1628 2498 quiescere
1651 2404 1800 2486 debere,
1839 2417 1875 2476 ut
1900 2405 1989 2476 inter
2015 2425 2133 2500 preca·

603 2505 730 2574 tionem
757 2527 801 2576 ne
829 2503 991 2599 precandi
1019 2505 1158 2598 quidem
1184 2527 1316 2577 memor
1341 2517 1434 2579 esset
1452 2504 1514 2603 ²9).

703 2607 794 2679 Luce
816 2607 941 2679 clarius
968 2617 1039 2688 est,
1072 2629 1155 2690 nos,
1190 2609 1219 2680 si
1244 2609 1395 2681 diximus
1419 2609 1599 2681 Arndtium
1626 2610 1780 2705 mysticis
1806 2610 1983 2682 sententiis
2010 2609 2133 2682 oratio-

603 2706 774 2800 nibusque
800 2709 954 2781 deditum
985 2710 1114 2792 luisse,
1155 2710 1200 2784 de
1226 2710 1396 2802 ejusmodi
1421 2709 1745 2804 degenerationihus
1777 2712 1916 2784 minime
1941 2712 2132 2805 cogitasse3

603 2809 665 2882 sed
699 2811 742 2882 ad
775 2813 945 2883 sinceram
977 2813 1085 2884 solam
1117 2813 1266 2885 radicem
1296 2814 1518 2909 spectandum
1550 2835 1654 2895 esse,
1699 2835 1745 2885 ex
1770 2835 1838 2906 qua
1863 2810 2005 2907 quidem
2031 2815 2134 2886 etiam

602 2913 680 2985 illae
716 2914 783 2986 sint
813 2925 924 2984 natae.
985 2913 1057 2996 Qua
1083 2914 1117 2985 in
1143 2937 1190 2987 re.
1208 2927 1323 2987 tamen
1349 2915 1575 3010 reputandum
1600 2926 1674 2997 est,
1706 2915 1886 2988 Arndtium
1911 2917 2004 2988 nullo
2030 2915 2134 2990 modo

603 3037 649 3086 ex
676 3017 807 3088 ratione
833 3016 1085 3110 contemplandi
1120 3018 1240 3089 aetatis
1272 3017 1361 3089 illius
1386 3039 1565 3110 egressum
1591 3039 1681 3090 esse.
1745 3019 1833 3090 Sana
1863 3017 2032 3110 theologia
2059 3040 2133 3113 my·

602 3118 685 3190 stica
713 3139 782 3188 non
809 3117 843 3189 id
868 3129 1023 3212 spectat,
1060 3129 1096 3191 ut
1120 3141 1247 3191 novum
1274 3119 1449 3192 doctrinae
1476 3143 1601 3216 eorpus
1627 3122 1829 3203 constituat,
1865 3131 2072 3216 quapropter
2098 3121 2132 3192 in

603 3241 644 3290 ea
672 3229 802 3314 partem
830 3221 1054 3314 polemicam,
1092 3241 1182 3312 quae
1209 3243 1301 3294 novo
1327 3219 1482 3294 aedilicio
1509 3223 1684 3296 doctrinae
1710 3223 1849 3294 omnino
1876 3219 2133 3318 neeessariam)

602 3331 676 3403 est,
708 3343 776 3393 non
805 3323 1019 3407 invenimus;
1055 3322 1177 3395 eadem
1205 3321 1374 3416 theologia
1401 3325 1564 3418 mystica,
1599 3347 1645 3396 ex
1671 3325 1766 3398 libris
1793 3327 1900 3398 sacris
1925 3327 2007 3397 novi
2033 3337 2133 3399 testa·

602 3423 708 3498 menti
734 3422 874 3505 hausta,
902 3425 945 3498 ad
972 3425 1145 3518 cogitandi
1170 3426 1337 3498 rationem
1360 3429 1656 3522 contemplativam
1684 3449 1752 3500 non
1779 3429 1943 3522 pertinet,
1971 3430 2133 3522 quoniam

603 3547 642 3598 ea
670 3526 866 3618 dogmatum
893 3529 1023 3608 lorma,
1051 3549 1140 3619 quae
1166 3529 1283 3608 adest,
1317 3529 1348 3600 ei
1376 3525 1519 3611 sufficit,
1558 3551 1671 3622 neque
1698 3553 1754 3603 res
1779 3531 2030 3626 apocalypticus
2055 3553 2135 3627 ape·

603 3631 671 3701 rire
697 3639 733 3700 et
758 3630 944 3725 explanare
972 3629 1085 3702 studet
1100 3626 1172 3724 ³¹),
1208 3652 1277 3724 quo
1303 3629 1484 3726 theosophi
1511 3633 1661 3704 maxime
1686 3632 1907 3706 delectantur.

675 3731 776 3814 cua
803 3754 848 3803 ex
874 3755 913 3803 re
939 3733 1041 3804 etiam
1067 3733 1198 3814 elucet,
1239 3734 1351 3804 omnia
1378 3734 1434 3804 illa
1460 3734 1636 3806 doctrinae
1663 3735 1842 3826 dogmata,
1880 3753 1969 3825 quae
1994 3754 2063 3807 nou
2089 3734 2135 3806 ad

603 3833 694 3902 vitae
717 3833 824 3928 ipsius
851 3857 952 3905 usum
978 3835 1165 3926 attingunt,
1201 3857 1321 3932 parum
1346 3835 1479 3917 curari,
1523 3837 1628 3910 veluti
1655 3836 1845 3909 doctrinam
1870 3834 1915 3906 de
1941 3833 2047 3907 rebus
2074 3857 2134 3908 no·

604 3933 764 4006 vissimis.
818 3937 855 4007 ln
877 3935 1074 4010 Amdtianis
1099 3937 1195 4010 libris
1218 3939 1279 4009 uix
1301 3937 1483 4030 vestigium
1508 3938 1722 4020 invenimus,
1746 3961 1815 4030 qno
1839 3937 2023 4031 probetur,
2050 3959 2134 4032 quo·

603 4035 708 4107 modo
744 4037 818 4132 ipse
853 4038 898 4110 de
931 4037 1027 4111 hisce
1062 4039 1167 4112 rebus
1204 4039 1371 4124 senserit;
1418 4041 1521 4113 modu
1554 4042 1733 4114 universas
1766 4061 1826 4111 eas
1860 4041 2036 4133 professus
2070 4051 2132 4112 est

604 4139 779 4209 Summum
812 4141 978 4237 mysticae
1011 4142 1185 4234 religionis
1217 4142 1428 4214 formationis
1455 4145 1632 4216 consilium
1668 4144 1702 4214 in
1735 4163 1778 4214 eo
1809 4141 1982 4222 consistit,
2028 4153 2065 4214 ut
2090 4139 2134 4212 ad

604 4239 695 4312 vitae
724 4263 822 4312 usum
847 4244 916 4314 uim
943 4241 1087 4324 habeat,
1114 4255 1151 4315 ut
1176 4243 1347 4316 advitam
1373 4245 1610 4337 corrigendam
1634 4239 1910 4339 conseratur³²);
1947 4243 2040 4336 quod
2066 4254 2134 4314 tam

605 4363 724 4438 purum
761 4345 879 4436 negari
916 4347 1024 4426 solet,
1072 4357 1106 4418 ut
1134 4347 1239 4418 multo
1265 4347 1374 4438 magis
1401 4356 1469 4418 tota
1497 4348 1615 4440 religio
1643 4347 1863 4420 concludatur
1887 4357 1921 4420 et
1946 4344 2134 4418 theoretico

690 4527 729 4609 ²⁶]
767 4531 801 4589 cl.
830 4535 864 4590 hl.
889 4535 932 4591 de
955 4535 1054 4594 Stael
1082 4539 1099 4594 l.
1124 4539 1140 4594 l.
1165 4537 1216 4595 des
1239 4537 1426 4610 philosophas
1448 4538 1587 4610 religieux
1609 4539 1729 4612 appele's
1751 4537 1935 4613 theosophos.
1967 4551 1996 4610 p.
2024 4537 2131 4591 tes-

605 4621 675 4676 tat.
698 4647 736 4660 -
818 4612 858 4696 ἥ)
890 4620 1093 4678 Delitzsch.
1126 4640 1153 4696 p.
1180 4626 1226 4680 tt.
1250 4651 1288 4664 -·
1374 4616 1414 4698 27)
1447 4623 1685 4694 llagenhnoh,
1716 4623 1838 4682 llorless.
1870 4624 1914 4680 lll.
1946 4637 1974 4693 p.
2000 4623 2067 4676 tal.
2094 4647 2132 4660 -

605 4697 645 4780 ²⁸)
677 4701 715 4760 ib.
749 4721 777 4776 p.
803 4706 882 4772 ³4⁶3
926 4703 1139 4775 llosshach,
1171 4709 1325 4782 spanenl
1367 4723 1394 4780 p.
1419 4711 1467 4765 62.
1491 4737 1530 4750 —
1598 4703 1638 4786 29)
1670 4709 1919 4782 llagenhaclu,
1945 4704 2066 4762 llorless.
2091 4704 2133 4760 lll.

604 4791 712 4859 naeu.
736 4817 774 4830 -
839 4782 881 4867 ³⁰)
910 4790 1036 4848 lteuss.
1059 4797 1127 4864 pt.
1153 4825 1191 4837 -
1256 4785 1297 4870 ³¹)
1327 4791 1553 4862 argenteoli.
1578 4795 1620 4854 lll.
1645 4799 1756 4868 pttt.
1785 4825 1847 4844 -.
1890 4787 1933 4869 ³²)
1962 4790 2135 4847 Ullmann
