<?xml version="1.0" encoding="UTF-8"?>
<!DOCTYPE html PUBLIC "-//W3C//DTD XHTML 1.0 Transitional//EN"
    "http://www.w3.org/TR/xhtml1/DTD/xhtml1-transitional.dtd">
<html xmlns="http://www.w3.org/1999/xhtml" xml:lang="en" lang="en">
 <head>
  <title>
</title>
<meta http-equiv="Content-Type" content="text/html;charset=utf-8" />
  <meta name='ocr-system' content='tesseract 3.04.00' />
  <meta name='ocr-capabilities' content='ocr_page ocr_carea ocr_par ocr_line ocrx_word'/>
</head>
<body>
  <div class='ocr_page' id='page_1' title='image "./dejohannearndti00pertgoog_0104.png"; bbox 0 0 4770 6086; ppageno 0'>
   <div class='ocr_carea' id='block_1_1' title="bbox 1298 566 1346 638">
    <p class='ocr_par' dir='ltr' id='par_1_1' title="bbox 1298 566 1346 638">
     <span class='ocr_line' id='line_1_1' title="bbox 1298 566 1346 638; baseline 0 0"><span class='ocrx_word' id='word_1_1' title='bbox 1298 566 1346 638; x_wconf 80' lang='grc'>90</span> 
     </span>
    </p>
   </div>
   <div class='ocr_carea' id='block_1_2' title="bbox 553 767 2088 3206">
    <p class='ocr_par' dir='ltr' id='par_1_2' title="bbox 553 767 2086 1369">
     <span class='ocr_line' id='line_1_2' title="bbox 556 767 2086 863; baseline -0.001 -21"><span class='ocrx_word' id='word_1_2' title='bbox 556 774 590 842; x_wconf 93' lang='lat' dir='ltr'>in</span> <span class='ocrx_word' id='word_1_3' title='bbox 613 769 772 842; x_wconf 88' lang='lat' dir='ltr'>inccndio</span> <span class='ocrx_word' id='word_1_4' title='bbox 790 768 990 841; x_wconf 89' lang='lat' dir='ltr'>Sverinensi</span> <span class='ocrx_word' id='word_1_5' title='bbox 1013 790 1104 840; x_wconf 90' lang='lat' dir='ltr'>anno</span> <span class='ocrx_word' id='word_1_6' title='bbox 1127 769 1236 842; x_wconf 79' lang='lat'>1697.</span> <span class='ocrx_word' id='word_1_7' title='bbox 1288 770 1469 841; x_wconf 85' lang='lat' dir='ltr'>Praeterea</span> <span class='ocrx_word' id='word_1_8' title='bbox 1492 767 1659 850; x_wconf 88' lang='lat' dir='ltr'>centurio,</span> <span class='ocrx_word' id='word_1_9' title='bbox 1686 767 1745 860; x_wconf 90' lang='lat' dir='ltr'>qni</span> <span class='ocrx_word' id='word_1_10' title='bbox 1771 767 1805 838; x_wconf 90' lang='lat' dir='ltr'>in</span> <span class='ocrx_word' id='word_1_11' title='bbox 1831 767 2086 863; x_wconf 71' lang='lat' dir='ltr'>oppugnatione</span> 
     </span>
     <span class='ocr_line' id='line_1_3' title="bbox 553 869 2085 966; baseline -0.001 -22"><span class='ocrx_word' id='word_1_12' title='bbox 553 870 802 966; x_wconf 88' lang='lat' dir='ltr'>Philippsbnrgi</span> <span class='ocrx_word' id='word_1_13' title='bbox 834 891 925 943; x_wconf 89' lang='lat' dir='ltr'>anno</span> <span class='ocrx_word' id='word_1_14' title='bbox 963 871 1059 942; x_wconf 73' lang='grc'>17311</span> <span class='ocrx_word' id='word_1_15' title='bbox 1096 871 1230 943; x_wconf 86' lang='lat' dir='ltr'>Arndtii</span> <span class='ocrx_word' id='word_1_16' title='bbox 1265 872 1401 945; x_wconf 89' lang='lat' dir='ltr'>libellos</span> <span class='ocrx_word' id='word_1_17' title='bbox 1433 871 1467 941; x_wconf 95' lang='lat' dir='ltr'>in</span> <span class='ocrx_word' id='word_1_18' title='bbox 1504 870 1662 941; x_wconf 92' lang='lat' dir='ltr'>manibus</span> <span class='ocrx_word' id='word_1_19' title='bbox 1688 869 1844 950; x_wconf 90' lang='lat' dir='ltr'>tenebat,</span> <span class='ocrx_word' id='word_1_20' title='bbox 1876 891 1922 941; x_wconf 83' lang='lat' dir='ltr'>ex</span> <span class='ocrx_word' id='word_1_21' title='bbox 1949 891 2085 942; x_wconf 90' lang='lat' dir='ltr'>summo</span> 
     </span>
     <span class='ocr_line' id='line_1_4' title="bbox 555 969 2085 1069; baseline -0.003 -24"><span class='ocrx_word' id='word_1_22' title='bbox 555 973 707 1069; x_wconf 92' lang='lat' dir='ltr'>periculo</span> <span class='ocrx_word' id='word_1_23' title='bbox 741 971 883 1046; x_wconf 87' lang='lat' dir='ltr'>mirifice</span> <span class='ocrx_word' id='word_1_24' title='bbox 908 982 1049 1066; x_wconf 89' lang='lat' dir='ltr'>ereptus</span> <span class='ocrx_word' id='word_1_25' title='bbox 1071 969 1197 1061; x_wconf 56' lang='lat' dir='ltr'>nstv).</span> <span class='ocrx_word' id='word_1_26' title='bbox 1250 976 1322 1045; x_wconf 85' lang='lat' dir='ltr'>lam</span> <span class='ocrx_word' id='word_1_27' title='bbox 1346 996 1437 1046; x_wconf 90' lang='lat' dir='ltr'>anno</span> <span class='ocrx_word' id='word_1_28' title='bbox 1467 971 1563 1046; x_wconf 74' lang='lat' dir='ltr'>tuat</span> <span class='ocrx_word' id='word_1_29' title='bbox 1590 972 1763 1062; x_wconf 78' lang='lat' dir='ltr'>divolgata</span> <span class='ocrx_word' id='word_1_30' title='bbox 1789 973 1850 1043; x_wconf 76' lang='lat' dir='ltr'>&#39;est</span> <span class='ocrx_word' id='word_1_31' title='bbox 1877 971 2010 1054; x_wconf 83' lang='lat' dir='ltr'>l‘abnla,</span> <span class='ocrx_word' id='word_1_32' title='bbox 2046 972 2085 1042; x_wconf 94' lang='lat' dir='ltr'>li·</span> 
     </span>
     <span class='ocr_line' id='line_1_5' title="bbox 554 1074 2084 1168; baseline -0.003 -21"><span class='ocrx_word' id='word_1_33' title='bbox 554 1076 681 1147; x_wconf 90' lang='lat' dir='ltr'>bellum</span> <span class='ocrx_word' id='word_1_34' title='bbox 709 1075 941 1168; x_wconf 78' lang='lat' dir='ltr'>precationum</span> <span class='ocrx_word' id='word_1_35' title='bbox 970 1074 1321 1168; x_wconf 84' lang='lat' dir='ltr'>,‚Paradiesgartlcin“</span> <span class='ocrx_word' id='word_1_36' title='bbox 1355 1098 1403 1148; x_wconf 77' lang='lat' dir='ltr'>ex</span> <span class='ocrx_word' id='word_1_37' title='bbox 1437 1095 1561 1166; x_wconf 83' lang='lat' dir='ltr'>magno</span> <span class='ocrx_word' id='word_1_38' title='bbox 1596 1074 1755 1146; x_wconf 89' lang='lat' dir='ltr'>incendio</span> <span class='ocrx_word' id='word_1_39' title='bbox 1781 1074 2084 1166; x_wconf 85' lang='lat' dir='ltr'>langengonsensi</span> 
     </span>
     <span class='ocr_line' id='line_1_6' title="bbox 553 1174 2084 1270; baseline -0.001 -22"><span class='ocrx_word' id='word_1_40' title='bbox 553 1176 700 1248; x_wconf 88' lang='lat' dir='ltr'>mirabili</span> <span class='ocrx_word' id='word_1_41' title='bbox 726 1176 829 1249; x_wconf 92' lang='lat' dir='ltr'>modo</span> <span class='ocrx_word' id='word_1_42' title='bbox 856 1187 1096 1250; x_wconf 88' lang='lat' dir='ltr'>conservatum</span> <span class='ocrx_word' id='word_1_43' title='bbox 1120 1199 1216 1258; x_wconf 87' lang='lat' dir='ltr'>esse,</span> <span class='ocrx_word' id='word_1_44' title='bbox 1243 1199 1333 1270; x_wconf 85' lang='lat' dir='ltr'>quae</span> <span class='ocrx_word' id='word_1_45' title='bbox 1359 1177 1508 1249; x_wconf 85' lang='lat' dir='ltr'>narratio</span> <span class='ocrx_word' id='word_1_46' title='bbox 1536 1186 1604 1246; x_wconf 92' lang='lat' dir='ltr'>tam</span> <span class='ocrx_word' id='word_1_47' title='bbox 1626 1175 1730 1248; x_wconf 89' lang='lat' dir='ltr'>certis</span> <span class='ocrx_word' id='word_1_48' title='bbox 1759 1175 1905 1248; x_wconf 88' lang='lat' dir='ltr'>testibus</span> <span class='ocrx_word' id='word_1_49' title='bbox 1930 1174 2084 1247; x_wconf 71' lang='lat' dir='ltr'>muiaba-</span> 
     </span>
     <span class='ocr_line' id='line_1_7' title="bbox 556 1273 1522 1369; baseline -0.004 -19"><span class='ocrx_word' id='word_1_50' title='bbox 556 1291 618 1361; x_wconf 90' lang='lat' dir='ltr'>tur,</span> <span class='ocrx_word' id='word_1_51' title='bbox 643 1275 871 1369; x_wconf 61' lang='lat' dir='ltr'>utlearenius</span> <span class='ocrx_word' id='word_1_52' title='bbox 898 1299 973 1349; x_wconf 89' lang='lat' dir='ltr'>eam</span> <span class='ocrx_word' id='word_1_53' title='bbox 1001 1281 1130 1352; x_wconf 89' lang='lat' dir='ltr'>relerre</span> <span class='ocrx_word' id='word_1_54' title='bbox 1157 1280 1313 1352; x_wconf 84' lang='lat' dir='ltr'>omittere</span> <span class='ocrx_word' id='word_1_55' title='bbox 1340 1273 1522 1366; x_wconf 64' lang='lat' dir='ltr'>potierit).</span> 
     </span>
    </p>

    <p class='ocr_par' dir='ltr' id='par_1_3' title="bbox 555 1379 2088 2697">
     <span class='ocr_line' id='line_1_8' title="bbox 655 1379 2084 1474; baseline -0.001 -24"><span class='ocrx_word' id='word_1_56' title='bbox 655 1381 811 1472; x_wconf 80' lang='lat' dir='ltr'>Magnam</span> <span class='ocrx_word' id='word_1_57' title='bbox 841 1381 1005 1452; x_wconf 91' lang='lat' dir='ltr'>librorum</span> <span class='ocrx_word' id='word_1_58' title='bbox 1041 1383 1276 1453; x_wconf 89' lang='lat' dir='ltr'>auctoritatem</span> <span class='ocrx_word' id='word_1_59' title='bbox 1308 1404 1355 1454; x_wconf 85' lang='lat' dir='ltr'>ex</span> <span class='ocrx_word' id='word_1_60' title='bbox 1380 1382 1470 1454; x_wconf 92' lang='lat' dir='ltr'>illius</span> <span class='ocrx_word' id='word_1_61' title='bbox 1493 1379 1657 1474; x_wconf 87' lang='lat' dir='ltr'>temporis</span> <span class='ocrx_word' id='word_1_62' title='bbox 1683 1379 1879 1450; x_wconf 88' lang='lat' dir='ltr'>conditione</span> <span class='ocrx_word' id='word_1_63' title='bbox 1905 1380 2003 1452; x_wconf 81' lang='lat' dir='ltr'>facile</span> <span class='ocrx_word' id='word_1_64' title='bbox 2023 1401 2084 1450; x_wconf 79' lang='lat' dir='ltr'>ex·</span> 
     </span>
     <span class='ocr_line' id='line_1_9' title="bbox 555 1480 2084 1581; baseline -0.002 -26"><span class='ocrx_word' id='word_1_65' title='bbox 555 1485 671 1581; x_wconf 88' lang='lat' dir='ltr'>plicari</span> <span class='ocrx_word' id='word_1_66' title='bbox 694 1484 764 1574; x_wconf 89' lang='lat' dir='ltr'>jam</span> <span class='ocrx_word' id='word_1_67' title='bbox 790 1480 1068 1574; x_wconf 87' lang='lat' dir='ltr'>significavimus.</span> <span class='ocrx_word' id='word_1_68' title='bbox 1120 1481 1282 1556; x_wconf 78' lang='lat' dir='ltr'>Arndtius</span> <span class='ocrx_word' id='word_1_69' title='bbox 1310 1485 1343 1553; x_wconf 93' lang='lat' dir='ltr'>in</span> <span class='ocrx_word' id='word_1_70' title='bbox 1366 1485 1524 1555; x_wconf 91' lang='lat' dir='ltr'>omnibus</span> <span class='ocrx_word' id='word_1_71' title='bbox 1552 1481 1623 1554; x_wconf 88' lang='lat' dir='ltr'>suis</span> <span class='ocrx_word' id='word_1_72' title='bbox 1656 1480 1752 1552; x_wconf 89' lang='lat' dir='ltr'>libris</span> <span class='ocrx_word' id='word_1_73' title='bbox 1778 1481 1940 1576; x_wconf 86' lang='lat' dir='ltr'>pietatem</span> <span class='ocrx_word' id='word_1_74' title='bbox 1968 1481 2084 1552; x_wconf 87' lang='lat' dir='ltr'>vivam</span> 
     </span>
     <span class='ocr_line' id='line_1_10' title="bbox 555 1581 2083 1679; baseline -0.003 -21"><span class='ocrx_word' id='word_1_75' title='bbox 555 1597 590 1659; x_wconf 90' lang='lat' dir='ltr'>et</span> <span class='ocrx_word' id='word_1_76' title='bbox 609 1583 783 1658; x_wconf 88' lang='lat' dir='ltr'>efficacem</span> <span class='ocrx_word' id='word_1_77' title='bbox 800 1584 1002 1679; x_wconf 88' lang='lat' dir='ltr'>postulabat,</span> <span class='ocrx_word' id='word_1_78' title='bbox 1029 1607 1118 1678; x_wconf 89' lang='lat' dir='ltr'>quae</span> <span class='ocrx_word' id='word_1_79' title='bbox 1144 1605 1266 1656; x_wconf 88' lang='lat' dir='ltr'>revera</span> <span class='ocrx_word' id='word_1_80' title='bbox 1294 1586 1328 1656; x_wconf 90' lang='lat' dir='ltr'>in</span> <span class='ocrx_word' id='word_1_81' title='bbox 1356 1585 1411 1655; x_wconf 91' lang='lat' dir='ltr'>illa</span> <span class='ocrx_word' id='word_1_82' title='bbox 1437 1595 1549 1658; x_wconf 89' lang='lat' dir='ltr'>aetate</span> <span class='ocrx_word' id='word_1_83' title='bbox 1564 1581 1789 1654; x_wconf 88' lang='lat' dir='ltr'>vehementer</span> <span class='ocrx_word' id='word_1_84' title='bbox 1804 1582 2083 1668; x_wconf 74' lang='lat' dir='ltr'>desiderabatur,</span> 
     </span>
     <span class='ocr_line' id='line_1_11' title="bbox 556 1682 2084 1782; baseline -0.001 -23"><span class='ocrx_word' id='word_1_85' title='bbox 556 1688 716 1782; x_wconf 92' lang='lat' dir='ltr'>quoniam</span> <span class='ocrx_word' id='word_1_86' title='bbox 738 1709 808 1758; x_wconf 92' lang='lat' dir='ltr'>non</span> <span class='ocrx_word' id='word_1_87' title='bbox 833 1685 976 1758; x_wconf 77' lang='lat' dir='ltr'>deerant</span> <span class='ocrx_word' id='word_1_88' title='bbox 1001 1687 1066 1781; x_wconf 90' lang='lat' dir='ltr'>ipsi</span> <span class='ocrx_word' id='word_1_89' title='bbox 1094 1698 1259 1780; x_wconf 85' lang='lat' dir='ltr'>pastores,</span> <span class='ocrx_word' id='word_1_90' title='bbox 1283 1689 1342 1780; x_wconf 91' lang='lat' dir='ltr'>qui</span> <span class='ocrx_word' id='word_1_91' title='bbox 1366 1686 1526 1760; x_wconf 85' lang='lat' dir='ltr'>sufficere</span> <span class='ocrx_word' id='word_1_92' title='bbox 1551 1682 1796 1780; x_wconf 86' lang='lat' dir='ltr'>profitebantur</span> <span class='ocrx_word' id='word_1_93' title='bbox 1822 1706 1882 1756; x_wconf 88' lang='lat' dir='ltr'>ore</span> <span class='ocrx_word' id='word_1_94' title='bbox 1907 1695 1942 1757; x_wconf 90' lang='lat' dir='ltr'>et</span> <span class='ocrx_word' id='word_1_95' title='bbox 1967 1685 2084 1758; x_wconf 89' lang='lat' dir='ltr'>verbis</span> 
     </span>
     <span class='ocr_line' id='line_1_12' title="bbox 556 1786 2086 1880; baseline -0.003 -19"><span class='ocrx_word' id='word_1_96' title='bbox 556 1790 723 1862; x_wconf 77' lang='lat' dir='ltr'>Christum</span> <span class='ocrx_word' id='word_1_97' title='bbox 750 1790 858 1880; x_wconf 87' lang='lat' dir='ltr'>sequi.</span> <span class='ocrx_word' id='word_1_98' title='bbox 911 1788 1022 1870; x_wconf 90' lang='lat' dir='ltr'>Quam</span> <span class='ocrx_word' id='word_1_99' title='bbox 1053 1788 1195 1880; x_wconf 92' lang='lat' dir='ltr'>quidem</span> <span class='ocrx_word' id='word_1_100' title='bbox 1224 1791 1427 1860; x_wconf 74' lang='lat' dir='ltr'>sententiam</span> <span class='ocrx_word' id='word_1_101' title='bbox 1453 1787 1617 1860; x_wconf 79' lang='lat' dir='ltr'>Amdtios</span> <span class='ocrx_word' id='word_1_102' title='bbox 1652 1809 1786 1858; x_wconf 92' lang='lat' dir='ltr'>summo</span> <span class='ocrx_word' id='word_1_103' title='bbox 1813 1786 1927 1859; x_wconf 82' lang='lat' dir='ltr'>studio</span> <span class='ocrx_word' id='word_1_104' title='bbox 1954 1787 2086 1880; x_wconf 80' lang='lat' dir='ltr'>impug-</span> 
     </span>
     <span class='ocr_line' id='line_1_13' title="bbox 557 1889 2086 1984; baseline -0.002 -21"><span class='ocrx_word' id='word_1_105' title='bbox 557 1891 678 1976; x_wconf 74' lang='lat' dir='ltr'>nabat,</span> <span class='ocrx_word' id='word_1_106' title='bbox 705 1902 739 1962; x_wconf 90' lang='lat' dir='ltr'>et</span> <span class='ocrx_word' id='word_1_107' title='bbox 765 1889 857 1960; x_wconf 91' lang='lat' dir='ltr'>haud</span> <span class='ocrx_word' id='word_1_108' title='bbox 883 1891 927 1960; x_wconf 91' lang='lat' dir='ltr'>ita</span> <span class='ocrx_word' id='word_1_109' title='bbox 953 1889 1059 1960; x_wconf 92' lang='lat' dir='ltr'>molto</span> <span class='ocrx_word' id='word_1_110' title='bbox 1085 1901 1163 1984; x_wconf 89' lang='lat' dir='ltr'>post</span> <span class='ocrx_word' id='word_1_111' title='bbox 1181 1911 1336 1982; x_wconf 88' lang='lat' dir='ltr'>magnam</span> <span class='ocrx_word' id='word_1_112' title='bbox 1363 1891 1429 1964; x_wconf 89' lang='lat' dir='ltr'>sibi</span> <span class='ocrx_word' id='word_1_113' title='bbox 1454 1890 1689 1963; x_wconf 88' lang='lat' dir='ltr'>auctoritatem</span> <span class='ocrx_word' id='word_1_114' title='bbox 1716 1889 1936 1984; x_wconf 87' lang='lat' dir='ltr'>comparabat</span> <span class='ocrx_word' id='word_1_115' title='bbox 1956 1890 2086 1961; x_wconf 88' lang='lat' dir='ltr'>socios·</span> 
     </span>
     <span class='ocr_line' id='line_1_14' title="bbox 556 1990 2084 2088; baseline -0.002 -22"><span class='ocrx_word' id='word_1_116' title='bbox 556 2015 625 2088; x_wconf 89' lang='lat' dir='ltr'>que</span> <span class='ocrx_word' id='word_1_117' title='bbox 651 1993 717 2064; x_wconf 89' lang='lat' dir='ltr'>sibi</span> <span class='ocrx_word' id='word_1_118' title='bbox 742 1991 955 2071; x_wconf 83' lang='lat' dir='ltr'>conciliabat,</span> <span class='ocrx_word' id='word_1_119' title='bbox 981 1991 1040 2083; x_wconf 92' lang='lat' dir='ltr'>qui</span> <span class='ocrx_word' id='word_1_120' title='bbox 1066 2013 1173 2083; x_wconf 91' lang='lat' dir='ltr'>quum</span> <span class='ocrx_word' id='word_1_121' title='bbox 1200 1996 1337 2067; x_wconf 86' lang='lat' dir='ltr'>occasio</span> <span class='ocrx_word' id='word_1_122' title='bbox 1364 1993 1426 2065; x_wconf 89' lang='lat' dir='ltr'>has</span> <span class='ocrx_word' id='word_1_123' title='bbox 1450 1992 1637 2065; x_wconf 85' lang='lat' dir='ltr'>sententias</span> <span class='ocrx_word' id='word_1_124' title='bbox 1664 1990 1865 2082; x_wconf 90' lang='lat' dir='ltr'>divulgandi</span> <span class='ocrx_word' id='word_1_125' title='bbox 1891 1990 2005 2062; x_wconf 92' lang='lat' dir='ltr'>oblata</span> <span class='ocrx_word' id='word_1_126' title='bbox 2030 2013 2084 2063; x_wconf 87' lang='lat' dir='ltr'>es·</span> 
     </span>
     <span class='ocr_line' id='line_1_15' title="bbox 558 2091 2087 2186; baseline -0.001 -20"><span class='ocrx_word' id='word_1_127' title='bbox 558 2105 630 2177; x_wconf 87' lang='lat' dir='ltr'>set,</span> <span class='ocrx_word' id='word_1_128' title='bbox 656 2113 882 2184; x_wconf 85' lang='lat' dir='ltr'>magnacum</span> <span class='ocrx_word' id='word_1_129' title='bbox 908 2114 1026 2164; x_wconf 91' lang='lat' dir='ltr'>amore</span> <span class='ocrx_word' id='word_1_130' title='bbox 1051 2091 1230 2166; x_wconf 74' lang='lat' dir='ltr'>Arndtium</span> <span class='ocrx_word' id='word_1_131' title='bbox 1257 2097 1366 2169; x_wconf 90' lang='lat' dir='ltr'>sconti</span> <span class='ocrx_word' id='word_1_132' title='bbox 1393 2105 1481 2168; x_wconf 76' lang='lat' dir='ltr'>sunt.</span> <span class='ocrx_word' id='word_1_133' title='bbox 1536 2096 1584 2164; x_wconf 87' lang='lat' dir='ltr'>lta</span> <span class='ocrx_word' id='word_1_134' title='bbox 1610 2093 1687 2164; x_wconf 83' lang='lat' dir='ltr'>libri</span> <span class='ocrx_word' id='word_1_135' title='bbox 1712 2092 1906 2173; x_wconf 79' lang='lat' dir='ltr'>Arndtiani,</span> <span class='ocrx_word' id='word_1_136' title='bbox 1943 2093 2087 2186; x_wconf 89' lang='lat' dir='ltr'>simplici</span> 
     </span>
     <span class='ocr_line' id='line_1_16' title="bbox 557 2191 2087 2293; baseline -0.002 -24"><span class='ocrx_word' id='word_1_137' title='bbox 557 2194 839 2290; x_wconf 84' lang='lat' dir='ltr'>generedicendi</span> <span class='ocrx_word' id='word_1_138' title='bbox 857 2195 983 2267; x_wconf 91' lang='lat' dir='ltr'>biblico</span> <span class='ocrx_word' id='word_1_139' title='bbox 1000 2197 1155 2291; x_wconf 86' lang='lat' dir='ltr'>concepti</span> <span class='ocrx_word' id='word_1_140' title='bbox 1167 2191 1215 2282; x_wconf 73' lang='lat'>⁴¹⁹)</span> <span class='ocrx_word' id='word_1_141' title='bbox 1244 2209 1451 2293; x_wconf 86' lang='lat' dir='ltr'>propterque</span> <span class='ocrx_word' id='word_1_142' title='bbox 1474 2195 1562 2267; x_wconf 90' lang='lat' dir='ltr'>banc</span> <span class='ocrx_word' id='word_1_143' title='bbox 1587 2195 1695 2288; x_wconf 86' lang='lat' dir='ltr'>ipsam</span> <span class='ocrx_word' id='word_1_144' title='bbox 1714 2217 1788 2266; x_wconf 89' lang='lat' dir='ltr'>rem</span> <span class='ocrx_word' id='word_1_145' title='bbox 1806 2196 1954 2268; x_wconf 89' lang='lat' dir='ltr'>lectores</span> <span class='ocrx_word' id='word_1_146' title='bbox 1971 2196 2087 2266; x_wconf 87' lang='lat' dir='ltr'>suavi·</span> 
     </span>
     <span class='ocr_line' id='line_1_17' title="bbox 558 2295 2088 2393; baseline -0.003 -23"><span class='ocrx_word' id='word_1_147' title='bbox 558 2309 625 2371; x_wconf 89' lang='lat' dir='ltr'>tate</span> <span class='ocrx_word' id='word_1_148' title='bbox 651 2295 798 2390; x_wconf 87' lang='lat' dir='ltr'>quadam</span> <span class='ocrx_word' id='word_1_149' title='bbox 824 2296 1055 2380; x_wconf 89' lang='lat' dir='ltr'>delenientes,</span> <span class='ocrx_word' id='word_1_150' title='bbox 1089 2299 1236 2393; x_wconf 92' lang='lat' dir='ltr'>oppositi</span> <span class='ocrx_word' id='word_1_151' title='bbox 1262 2309 1341 2372; x_wconf 89' lang='lat' dir='ltr'>sunt</span> <span class='ocrx_word' id='word_1_152' title='bbox 1367 2298 1505 2372; x_wconf 89' lang='lat' dir='ltr'>scholae</span> <span class='ocrx_word' id='word_1_153' title='bbox 1531 2295 1744 2388; x_wconf 81' lang='lat' dir='ltr'>theologiae,</span> <span class='ocrx_word' id='word_1_154' title='bbox 1766 2319 1833 2368; x_wconf 92' lang='lat' dir='ltr'>non</span> <span class='ocrx_word' id='word_1_155' title='bbox 1862 2317 1939 2370; x_wconf 88' lang='lat' dir='ltr'>raro</span> <span class='ocrx_word' id='word_1_156' title='bbox 1967 2299 2001 2368; x_wconf 92' lang='lat' dir='ltr'>in</span> <span class='ocrx_word' id='word_1_157' title='bbox 2026 2297 2088 2366; x_wconf 90' lang='lat' dir='ltr'>mi-</span> 
     </span>
     <span class='ocr_line' id='line_1_18' title="bbox 557 2398 2087 2492; baseline -0.001 -20"><span class='ocrx_word' id='word_1_158' title='bbox 557 2411 657 2473; x_wconf 83' lang='lat' dir='ltr'>nutas</span> <span class='ocrx_word' id='word_1_159' title='bbox 689 2399 943 2471; x_wconf 85' lang='lat' dir='ltr'>controversias</span> <span class='ocrx_word' id='word_1_160' title='bbox 974 2398 1136 2492; x_wconf 83' lang='lat' dir='ltr'>rixasque</span> <span class='ocrx_word' id='word_1_161' title='bbox 1166 2400 1351 2474; x_wconf 90' lang='lat' dir='ltr'>delabenti.</span> <span class='ocrx_word' id='word_1_162' title='bbox 1414 2399 1537 2472; x_wconf 87' lang='lat' dir='ltr'>Verbis</span> <span class='ocrx_word' id='word_1_163' title='bbox 1569 2409 1604 2471; x_wconf 85' lang='lat' dir='ltr'>et</span> <span class='ocrx_word' id='word_1_164' title='bbox 1643 2399 1821 2472; x_wconf 84' lang='lat' dir='ltr'>sententiis</span> <span class='ocrx_word' id='word_1_165' title='bbox 1851 2399 2016 2490; x_wconf 87' lang='lat' dir='ltr'>gravibus</span> <span class='ocrx_word' id='word_1_166' title='bbox 2039 2400 2087 2470; x_wconf 89' lang='lat' dir='ltr'>le·</span> 
     </span>
     <span class='ocr_line' id='line_1_19' title="bbox 557 2499 2087 2600; baseline 0 -28"><span class='ocrx_word' id='word_1_167' title='bbox 557 2512 694 2594; x_wconf 79' lang='lat' dir='ltr'>gentem</span> <span class='ocrx_word' id='word_1_168' title='bbox 712 2499 946 2572; x_wconf 90' lang='lat' dir='ltr'>admonebant</span> <span class='ocrx_word' id='word_1_169' title='bbox 964 2499 1053 2583; x_wconf 90' lang='lat' dir='ltr'>libri,</span> <span class='ocrx_word' id='word_1_170' title='bbox 1082 2524 1127 2574; x_wconf 88' lang='lat' dir='ltr'>ne</span> <span class='ocrx_word' id='word_1_171' title='bbox 1148 2524 1200 2584; x_wconf 92' lang='lat' dir='ltr'>ea,</span> <span class='ocrx_word' id='word_1_172' title='bbox 1227 2525 1317 2595; x_wconf 90' lang='lat' dir='ltr'>quae</span> <span class='ocrx_word' id='word_1_173' title='bbox 1342 2506 1386 2578; x_wconf 90' lang='lat' dir='ltr'>ad</span> <span class='ocrx_word' id='word_1_174' title='bbox 1408 2499 1655 2600; x_wconf 87' lang='lat' dir='ltr'>proficiendum</span> <span class='ocrx_word' id='word_1_175' title='bbox 1682 2501 1717 2572; x_wconf 92' lang='lat' dir='ltr'>in</span> <span class='ocrx_word' id='word_1_176' title='bbox 1737 2501 1806 2572; x_wconf 88' lang='lat' dir='ltr'>vita</span> <span class='ocrx_word' id='word_1_177' title='bbox 1833 2503 1977 2572; x_wconf 78' lang='lat' dir='ltr'>externa</span> <span class='ocrx_word' id='word_1_178' title='bbox 2004 2523 2087 2572; x_wconf 86' lang='lat' dir='ltr'>vere</span> 
     </span>
     <span class='ocr_line' id='line_1_20' title="bbox 558 2602 1241 2697; baseline -0.001 -20"><span class='ocrx_word' id='word_1_179' title='bbox 558 2602 741 2677; x_wconf 89' lang='lat' dir='ltr'>christiana</span> <span class='ocrx_word' id='word_1_180' title='bbox 769 2603 859 2674; x_wconf 91' lang='lat' dir='ltr'>utilia</span> <span class='ocrx_word' id='word_1_181' title='bbox 887 2612 1015 2684; x_wconf 88' lang='lat' dir='ltr'>essent,</span> <span class='ocrx_word' id='word_1_182' title='bbox 1043 2603 1241 2697; x_wconf 85' lang='lat' dir='ltr'>negligeret</span> 
     </span>
    </p>

    <p class='ocr_par' dir='ltr' id='par_1_4' title="bbox 558 2703 2086 3206">
     <span class='ocr_line' id='line_1_21' title="bbox 657 2703 2086 2800; baseline -0.001 -25"><span class='ocrx_word' id='word_1_183' title='bbox 657 2705 822 2778; x_wconf 89' lang='lat' dir='ltr'>Videmus</span> <span class='ocrx_word' id='word_1_184' title='bbox 847 2705 963 2796; x_wconf 89' lang='lat' dir='ltr'>igitur,</span> <span class='ocrx_word' id='word_1_185' title='bbox 998 2726 1064 2776; x_wconf 90' lang='lat' dir='ltr'>nos</span> <span class='ocrx_word' id='word_1_186' title='bbox 1089 2705 1142 2778; x_wconf 89' lang='lat' dir='ltr'>his</span> <span class='ocrx_word' id='word_1_187' title='bbox 1169 2707 1301 2779; x_wconf 86' lang='lat' dir='ltr'>caussis</span> <span class='ocrx_word' id='word_1_188' title='bbox 1328 2708 1486 2789; x_wconf 88' lang='lat' dir='ltr'>internis,</span> <span class='ocrx_word' id='word_1_189' title='bbox 1524 2723 1611 2799; x_wconf 93' lang='lat' dir='ltr'>quas</span> <span class='ocrx_word' id='word_1_190' title='bbox 1637 2728 1684 2777; x_wconf 84' lang='lat' dir='ltr'>ex</span> <span class='ocrx_word' id='word_1_191' title='bbox 1707 2705 1803 2778; x_wconf 89' lang='lat' dir='ltr'>libris</span> <span class='ocrx_word' id='word_1_192' title='bbox 1830 2707 1913 2800; x_wconf 90' lang='lat' dir='ltr'>ipsis</span> <span class='ocrx_word' id='word_1_193' title='bbox 1940 2703 2086 2777; x_wconf 85' lang='lat' dir='ltr'>dednxi-</span> 
     </span>
     <span class='ocr_line' id='line_1_22' title="bbox 558 2807 2086 2902; baseline -0.002 -23"><span class='ocrx_word' id='word_1_194' title='bbox 558 2831 647 2888; x_wconf 89' lang='lat' dir='ltr'>mns,</span> <span class='ocrx_word' id='word_1_195' title='bbox 674 2828 743 2877; x_wconf 95' lang='lat' dir='ltr'>non</span> <span class='ocrx_word' id='word_1_196' title='bbox 759 2807 881 2887; x_wconf 85' lang='lat' dir='ltr'>minus,</span> <span class='ocrx_word' id='word_1_197' title='bbox 909 2827 1011 2899; x_wconf 90' lang='lat' dir='ltr'>qnam</span> <span class='ocrx_word' id='word_1_198' title='bbox 1026 2808 1194 2890; x_wconf 77' lang='lat' dir='ltr'>externis,</span> <span class='ocrx_word' id='word_1_199' title='bbox 1216 2830 1309 2901; x_wconf 89' lang='lat' dir='ltr'>qnae</span> <span class='ocrx_word' id='word_1_200' title='bbox 1331 2809 1470 2902; x_wconf 87' lang='lat' dir='ltr'>quidam</span> <span class='ocrx_word' id='word_1_201' title='bbox 1496 2808 1605 2898; x_wconf 83' lang='lat' dir='ltr'>magis</span> <span class='ocrx_word' id='word_1_202' title='bbox 1631 2807 1677 2878; x_wconf 94' lang='lat' dir='ltr'>ob</span> <span class='ocrx_word' id='word_1_203' title='bbox 1700 2807 1820 2880; x_wconf 89' lang='lat' dir='ltr'>oculos</span> <span class='ocrx_word' id='word_1_204' title='bbox 1845 2807 1979 2901; x_wconf 89' lang='lat' dir='ltr'>positae</span> <span class='ocrx_word' id='word_1_205' title='bbox 1996 2817 2086 2884; x_wconf 85' lang='lat' dir='ltr'>sunt.</span> 
     </span>
     <span class='ocr_line' id='line_1_23' title="bbox 558 2909 2086 3008; baseline -0.004 -26"><span class='ocrx_word' id='word_1_206' title='bbox 558 2909 651 3002; x_wconf 91' lang='lat' dir='ltr'>cogi,</span> <span class='ocrx_word' id='word_1_207' title='bbox 682 2919 722 2980; x_wconf 91' lang='lat' dir='ltr'>nt</span> <span class='ocrx_word' id='word_1_208' title='bbox 745 2909 992 2990; x_wconf 88' lang='lat' dir='ltr'>concedamus,</span> <span class='ocrx_word' id='word_1_209' title='bbox 1015 2910 1215 2984; x_wconf 76' lang='lat' dir='ltr'>sententias</span> <span class='ocrx_word' id='word_1_210' title='bbox 1239 2921 1276 2982; x_wconf 90' lang='lat' dir='ltr'>et</span> <span class='ocrx_word' id='word_1_211' title='bbox 1300 2913 1464 3008; x_wconf 90' lang='lat' dir='ltr'>principia</span> <span class='ocrx_word' id='word_1_212' title='bbox 1489 2909 1677 2981; x_wconf 80' lang='lat' dir='ltr'>Arndtiana</span> <span class='ocrx_word' id='word_1_213' title='bbox 1703 2911 1738 2980; x_wconf 93' lang='lat' dir='ltr'>in</span> <span class='ocrx_word' id='word_1_214' title='bbox 1764 2909 1819 2979; x_wconf 91' lang='lat' dir='ltr'>illa</span> <span class='ocrx_word' id='word_1_215' title='bbox 1843 2919 1954 2980; x_wconf 85' lang='lat' dir='ltr'>aetate</span> <span class='ocrx_word' id='word_1_216' title='bbox 1979 2909 2086 2978; x_wconf 87' lang='lat' dir='ltr'>maxi-</span> 
     </span>
     <span class='ocr_line' id='line_1_24' title="bbox 558 3009 2085 3106; baseline -0.002 -23"><span class='ocrx_word' id='word_1_217' title='bbox 558 3025 652 3083; x_wconf 88' lang='lat' dir='ltr'>mum</span> <span class='ocrx_word' id='word_1_218' title='bbox 675 3021 883 3082; x_wconf 91' lang='lat' dir='ltr'>momentum</span> <span class='ocrx_word' id='word_1_219' title='bbox 907 3010 961 3081; x_wconf 83' lang='lat' dir='ltr'>ad&#39;</span> <span class='ocrx_word' id='word_1_220' title='bbox 975 3009 1151 3082; x_wconf 86' lang='lat' dir='ltr'>hominum</span> <span class='ocrx_word' id='word_1_221' title='bbox 1178 3012 1336 3106; x_wconf 86' lang='lat' dir='ltr'>pietatem</span> <span class='ocrx_word' id='word_1_222' title='bbox 1364 3024 1398 3086; x_wconf 88' lang='lat' dir='ltr'>et</span> <span class='ocrx_word' id='word_1_223' title='bbox 1421 3013 1604 3086; x_wconf 90' lang='lat' dir='ltr'>ecclesiam</span> <span class='ocrx_word' id='word_1_224' title='bbox 1628 3011 1693 3083; x_wconf 90' lang='lat' dir='ltr'>sibi</span> <span class='ocrx_word' id='word_1_225' title='bbox 1716 3011 1954 3103; x_wconf 86' lang='lat' dir='ltr'>acquisivisse,</span> <span class='ocrx_word' id='word_1_226' title='bbox 1983 3011 2085 3080; x_wconf 92' lang='lat' dir='ltr'>immo</span> 
     </span>
     <span class='ocr_line' id='line_1_25' title="bbox 559 3111 1028 3206; baseline -0.006 -21"><span class='ocrx_word' id='word_1_227' title='bbox 559 3113 624 3185; x_wconf 93' lang='lat' dir='ltr'>sibi</span> <span class='ocrx_word' id='word_1_228' title='bbox 649 3113 829 3206; x_wconf 88' lang='lat' dir='ltr'>acquirere</span> <span class='ocrx_word' id='word_1_229' title='bbox 851 3111 1028 3186; x_wconf 88' lang='lat' dir='ltr'>debuisse.</span> 
     </span>
    </p>
   </div>
   <div class='ocr_carea' id='block_1_3' title="bbox 717 3351 1923 3430">
    <p class='ocr_par' dir='ltr' id='par_1_5' title="bbox 717 3351 1923 3430">
     <span class='ocr_line' id='line_1_26' title="bbox 717 3351 1923 3430; baseline 0.001 -22"><span class='ocrx_word' id='word_1_230' title='bbox 717 3354 815 3430; x_wconf 71' lang='lat' dir='ltr'>§.tlt</span> <span class='ocrx_word' id='word_1_231' title='bbox 859 3353 949 3424; x_wconf 86' lang='lat' dir='ltr'>Quale</span> <span class='ocrx_word' id='word_1_232' title='bbox 970 3354 1110 3412; x_wconf 85' lang='lat' dir='ltr'>librorum</span> <span class='ocrx_word' id='word_1_233' title='bbox 1134 3351 1358 3416; x_wconf 77' lang='lat' dir='ltr'>Arndtianorom</span> <span class='ocrx_word' id='word_1_234' title='bbox 1382 3358 1468 3414; x_wconf 84' lang='lat' dir='ltr'>luerit</span> <span class='ocrx_word' id='word_1_235' title='bbox 1488 3361 1679 3422; x_wconf 87' lang='lat' dir='ltr'>momentum,</span> <span class='ocrx_word' id='word_1_236' title='bbox 1703 3355 1923 3413; x_wconf 88' lang='lat' dir='ltr'>demonstratur.</span> 
     </span>
    </p>
   </div>
   <div class='ocr_carea' id='block_1_4' title="bbox 557 3522 2088 4436">
    <p class='ocr_par' dir='ltr' id='par_1_6' title="bbox 557 3522 2087 3822">
     <span class='ocr_line' id='line_1_27' title="bbox 660 3522 2087 3618; baseline 0.001 -24"><span class='ocrx_word' id='word_1_237' title='bbox 660 3522 840 3615; x_wconf 82' lang='lat' dir='ltr'>Reliquum</span> <span class='ocrx_word' id='word_1_238' title='bbox 867 3534 939 3604; x_wconf 89' lang='lat' dir='ltr'>est,</span> <span class='ocrx_word' id='word_1_239' title='bbox 968 3533 1028 3594; x_wconf 88' lang='lat' dir='ltr'>ut.</span> <span class='ocrx_word' id='word_1_240' title='bbox 1049 3525 1166 3618; x_wconf 89' lang='lat' dir='ltr'>paucis</span> <span class='ocrx_word' id='word_1_241' title='bbox 1199 3523 1456 3608; x_wconf 85' lang='lat' dir='ltr'>describamus,</span> <span class='ocrx_word' id='word_1_242' title='bbox 1495 3525 1596 3616; x_wconf 91' lang='lat' dir='ltr'>qnale</span> <span class='ocrx_word' id='word_1_243' title='bbox 1628 3523 1793 3596; x_wconf 87' lang='lat' dir='ltr'>librorum</span> <span class='ocrx_word' id='word_1_244' title='bbox 1820 3525 2087 3597; x_wconf 84' lang='lat' dir='ltr'>Arndtianorutn</span> 
     </span>
     <span class='ocr_line' id='line_1_28' title="bbox 560 3623 2087 3721; baseline 0.001 -27"><span class='ocrx_word' id='word_1_245' title='bbox 560 3623 661 3696; x_wconf 87' lang='lat' dir='ltr'>luerit</span> <span class='ocrx_word' id='word_1_246' title='bbox 683 3634 893 3696; x_wconf 90' lang='lat' dir='ltr'>momentum</span> <span class='ocrx_word' id='word_1_247' title='bbox 924 3624 967 3696; x_wconf 92' lang='lat' dir='ltr'>ad</span> <span class='ocrx_word' id='word_1_248' title='bbox 996 3623 1154 3720; x_wconf 89' lang='lat' dir='ltr'>pietatem</span> <span class='ocrx_word' id='word_1_249' title='bbox 1184 3638 1219 3697; x_wconf 91' lang='lat' dir='ltr'>et</span> <span class='ocrx_word' id='word_1_250' title='bbox 1242 3628 1442 3712; x_wconf 73' lang='lat' dir='ltr'>ecclesiam,</span> <span class='ocrx_word' id='word_1_251' title='bbox 1472 3645 1539 3719; x_wconf 90' lang='lat' dir='ltr'>qua</span> <span class='ocrx_word' id='word_1_252' title='bbox 1575 3627 1608 3695; x_wconf 90' lang='lat' dir='ltr'>in</span> <span class='ocrx_word' id='word_1_253' title='bbox 1635 3648 1673 3698; x_wconf 89' lang='lat' dir='ltr'>re</span> <span class='ocrx_word' id='word_1_254' title='bbox 1695 3627 1901 3721; x_wconf 87' lang='lat' dir='ltr'>exponenda</span> <span class='ocrx_word' id='word_1_255' title='bbox 1924 3627 2087 3696; x_wconf 88' lang='lat' dir='ltr'>nonnulla</span> 
     </span>
     <span class='ocr_line' id='line_1_29' title="bbox 557 3726 1706 3822; baseline 0.003 -26"><span class='ocrx_word' id='word_1_256' title='bbox 557 3726 626 3816; x_wconf 84' lang='lat' dir='ltr'>jam</span> <span class='ocrx_word' id='word_1_257' title='bbox 652 3736 731 3797; x_wconf 91' lang='lat' dir='ltr'>sunt</span> <span class='ocrx_word' id='word_1_258' title='bbox 756 3727 936 3821; x_wconf 89' lang='lat' dir='ltr'>perspicua</span> <span class='ocrx_word' id='word_1_259' title='bbox 963 3730 1007 3798; x_wconf 83' lang='lat' dir='ltr'>ax&#39;</span> <span class='ocrx_word' id='word_1_260' title='bbox 1035 3729 1097 3811; x_wconf 86' lang='lat' dir='ltr'>cis,</span> <span class='ocrx_word' id='word_1_261' title='bbox 1120 3749 1208 3822; x_wconf 88' lang='lat' dir='ltr'>quae</span> <span class='ocrx_word' id='word_1_262' title='bbox 1236 3751 1346 3822; x_wconf 88' lang='lat' dir='ltr'>nsque</span> <span class='ocrx_word' id='word_1_263' title='bbox 1372 3728 1440 3801; x_wconf 81' lang='lat' dir='ltr'>lino</span> <span class='ocrx_word' id='word_1_264' title='bbox 1466 3728 1706 3821; x_wconf 82' lang='lat' dir='ltr'>exposuimus.</span> 
     </span>
    </p>

    <p class='ocr_par' dir='ltr' id='par_1_7' title="bbox 560 3827 2088 4436">
     <span class='ocr_line' id='line_1_30' title="bbox 662 3827 2087 3926; baseline 0.002 -29"><span class='ocrx_word' id='word_1_265' title='bbox 662 3827 714 3897; x_wconf 79' lang='lat' dir='ltr'>lix</span> <span class='ocrx_word' id='word_1_266' title='bbox 746 3837 834 3899; x_wconf 91' lang='lat' dir='ltr'>statu</span> <span class='ocrx_word' id='word_1_267' title='bbox 867 3828 1034 3900; x_wconf 87' lang='lat' dir='ltr'>ecclesiae</span> <span class='ocrx_word' id='word_1_268' title='bbox 1068 3832 1326 3926; x_wconf 89' lang='lat' dir='ltr'>protestantium</span> <span class='ocrx_word' id='word_1_269' title='bbox 1357 3831 1449 3902; x_wconf 88' lang='lat' dir='ltr'>illius</span> <span class='ocrx_word' id='word_1_270' title='bbox 1469 3830 1596 3902; x_wconf 87' lang='lat' dir='ltr'>aetatis</span> <span class='ocrx_word' id='word_1_271' title='bbox 1624 3831 1872 3911; x_wconf 86' lang='lat' dir='ltr'>intelleximus,</span> <span class='ocrx_word' id='word_1_272' title='bbox 1911 3829 2087 3922; x_wconf 89' lang='lat' dir='ltr'>quomodo</span> 
     </span>
     <span class='ocr_line' id='line_1_31' title="bbox 560 3925 2087 4026; baseline 0.002 -27"><span class='ocrx_word' id='word_1_273' title='bbox 560 3925 808 4024; x_wconf 86' lang='lat' dir='ltr'>fieripotnerit,</span> <span class='ocrx_word' id='word_1_274' title='bbox 836 3939 873 4000; x_wconf 87' lang='lat' dir='ltr'>ut</span> <span class='ocrx_word' id='word_1_275' title='bbox 898 3931 973 4002; x_wconf 90' lang='lat' dir='ltr'>libri</span> <span class='ocrx_word' id='word_1_276' title='bbox 1001 3951 1159 4024; x_wconf 84' lang='lat' dir='ltr'>magnam</span> <span class='ocrx_word' id='word_1_277' title='bbox 1184 3933 1419 4004; x_wconf 86' lang='lat' dir='ltr'>anctoritatem</span> <span class='ocrx_word' id='word_1_278' title='bbox 1446 3931 1513 4003; x_wconf 87' lang='lat' dir='ltr'>sibi</span> <span class='ocrx_word' id='word_1_279' title='bbox 1534 3951 1739 4026; x_wconf 85' lang='lat' dir='ltr'>comparare</span> <span class='ocrx_word' id='word_1_280' title='bbox 1761 3933 1934 4026; x_wconf 88' lang='lat' dir='ltr'>potuerint</span> <span class='ocrx_word' id='word_1_281' title='bbox 1959 3951 2000 4001; x_wconf 90' lang='lat' dir='ltr'>ac</span> <span class='ocrx_word' id='word_1_282' title='bbox 2026 3927 2087 4002; x_wconf 89' lang='lat' dir='ltr'>de·</span> 
     </span>
     <span class='ocr_line' id='line_1_32' title="bbox 560 4029 2088 4130; baseline 0.002 -30"><span class='ocrx_word' id='word_1_283' title='bbox 560 4030 709 4113; x_wconf 87' lang='lat' dir='ltr'>buerint,</span> <span class='ocrx_word' id='word_1_284' title='bbox 737 4032 782 4102; x_wconf 87' lang='lat' dir='ltr'>ita</span> <span class='ocrx_word' id='word_1_285' title='bbox 805 4043 840 4102; x_wconf 88' lang='lat' dir='ltr'>ut</span> <span class='ocrx_word' id='word_1_286' title='bbox 857 4034 936 4104; x_wconf 90' lang='lat' dir='ltr'>cari</span> <span class='ocrx_word' id='word_1_287' title='bbox 965 4033 1165 4130; x_wconf 85' lang='lat' dir='ltr'>acceptique</span> <span class='ocrx_word' id='word_1_288' title='bbox 1192 4034 1465 4130; x_wconf 86' lang='lat' dir='ltr'>luerintpopulo,</span> <span class='ocrx_word' id='word_1_289' title='bbox 1493 4056 1558 4106; x_wconf 90' lang='lat' dir='ltr'>nec</span> <span class='ocrx_word' id='word_1_290' title='bbox 1582 4033 1693 4105; x_wconf 91' lang='lat' dir='ltr'>solnm</span> <span class='ocrx_word' id='word_1_291' title='bbox 1721 4034 1832 4106; x_wconf 91' lang='lat' dir='ltr'>minus</span> <span class='ocrx_word' id='word_1_292' title='bbox 1857 4031 2000 4106; x_wconf 87' lang='lat' dir='ltr'>eruditis</span> <span class='ocrx_word' id='word_1_293' title='bbox 2027 4029 2088 4103; x_wconf 93' lang='lat' dir='ltr'>ho·</span> 
     </span>
     <span class='ocr_line' id='line_1_33' title="bbox 561 4131 2088 4229; baseline 0.003 -27"><span class='ocrx_word' id='word_1_294' title='bbox 561 4131 720 4213; x_wconf 91' lang='lat' dir='ltr'>minibus,</span> <span class='ocrx_word' id='word_1_295' title='bbox 748 4155 868 4204; x_wconf 88' lang='lat' dir='ltr'>verum</span> <span class='ocrx_word' id='word_1_296' title='bbox 895 4135 997 4206; x_wconf 88' lang='lat' dir='ltr'>etiam</span> <span class='ocrx_word' id='word_1_297' title='bbox 1023 4135 1133 4208; x_wconf 93' lang='lat' dir='ltr'>doctis</span> <span class='ocrx_word' id='word_1_298' title='bbox 1159 4136 1413 4229; x_wconf 89' lang='lat' dir='ltr'>nobilibusque.</span> <span class='ocrx_word' id='word_1_299' title='bbox 1465 4137 1574 4220; x_wconf 89' lang='lat' dir='ltr'>Quam</span> <span class='ocrx_word' id='word_1_300' title='bbox 1600 4135 1787 4208; x_wconf 89' lang='lat' dir='ltr'>necessarii</span> <span class='ocrx_word' id='word_1_301' title='bbox 1812 4135 1889 4206; x_wconf 89' lang='lat' dir='ltr'>libri</span> <span class='ocrx_word' id='word_1_302' title='bbox 1918 4135 1963 4206; x_wconf 93' lang='lat' dir='ltr'>illi</span> <span class='ocrx_word' id='word_1_303' title='bbox 1984 4137 2088 4206; x_wconf 88' lang='lat' dir='ltr'>aetati</span> 
     </span>
     <span class='ocr_line' id='line_1_34' title="bbox 561 4233 2088 4331; baseline 0.001 -27"><span class='ocrx_word' id='word_1_304' title='bbox 561 4234 696 4314; x_wconf 88' lang='lat' dir='ltr'>luerint,</span> <span class='ocrx_word' id='word_1_305' title='bbox 725 4233 994 4309; x_wconf 85' lang='lat' dir='ltr'>intellexerimus</span> <span class='ocrx_word' id='word_1_306' title='bbox 1021 4260 1068 4310; x_wconf 85' lang='lat' dir='ltr'>ex</span> <span class='ocrx_word' id='word_1_307' title='bbox 1081 4259 1204 4330; x_wconf 89' lang='lat' dir='ltr'>magno</span> <span class='ocrx_word' id='word_1_308' title='bbox 1228 4259 1372 4312; x_wconf 88' lang='lat' dir='ltr'>numero</span> <span class='ocrx_word' id='word_1_309' title='bbox 1398 4240 1563 4310; x_wconf 87' lang='lat' dir='ltr'>librorum</span> <span class='ocrx_word' id='word_1_310' title='bbox 1589 4237 1761 4318; x_wconf 87' lang='lat' dir='ltr'>similium,</span> <span class='ocrx_word' id='word_1_311' title='bbox 1778 4238 1845 4331; x_wconf 89' lang='lat' dir='ltr'>qui</span> <span class='ocrx_word' id='word_1_312' title='bbox 1860 4257 1907 4309; x_wconf 79' lang='lat' dir='ltr'>ex</span> <span class='ocrx_word' id='word_1_313' title='bbox 1922 4235 2088 4308; x_wconf 88' lang='lat' dir='ltr'>bootem·</span> 
     </span>
     <span class='ocr_line' id='line_1_35' title="bbox 561 4336 2088 4436; baseline -0.001 -28"><span class='ocrx_word' id='word_1_314' title='bbox 561 4357 645 4431; x_wconf 89' lang='lat' dir='ltr'>pore</span> <span class='ocrx_word' id='word_1_315' title='bbox 659 4336 816 4428; x_wconf 88' lang='lat' dir='ltr'>concepti</span> <span class='ocrx_word' id='word_1_316' title='bbox 833 4349 921 4410; x_wconf 84' lang='lat' dir='ltr'>sunt.</span> <span class='ocrx_word' id='word_1_317' title='bbox 975 4338 1154 4412; x_wconf 78' lang='lat' dir='ltr'>Arndtium</span> <span class='ocrx_word' id='word_1_318' title='bbox 1177 4339 1344 4413; x_wconf 84' lang='lat' dir='ltr'>babemus</span> <span class='ocrx_word' id='word_1_319' title='bbox 1361 4342 1436 4413; x_wconf 88' lang='lat' dir='ltr'>lere</span> <span class='ocrx_word' id='word_1_320' title='bbox 1459 4363 1521 4436; x_wconf 90' lang='lat' dir='ltr'>pro</span> <span class='ocrx_word' id='word_1_321' title='bbox 1534 4339 1644 4435; x_wconf 91' lang='lat' dir='ltr'>primo</span> <span class='ocrx_word' id='word_1_322' title='bbox 1671 4361 1717 4411; x_wconf 80' lang='lat' dir='ltr'>ex</span> <span class='ocrx_word' id='word_1_323' title='bbox 1732 4340 1795 4420; x_wconf 88' lang='lat' dir='ltr'>eis,</span> <span class='ocrx_word' id='word_1_324' title='bbox 1823 4339 1883 4432; x_wconf 89' lang='lat' dir='ltr'>qui</span> <span class='ocrx_word' id='word_1_325' title='bbox 1905 4359 1951 4409; x_wconf 84' lang='lat' dir='ltr'>ex</span> <span class='ocrx_word' id='word_1_326' title='bbox 1971 4337 2088 4410; x_wconf 90' lang='lat' dir='ltr'>simili-</span> 
     </span>
    </p>
   </div>
   <div class='ocr_carea' id='block_1_5' title="bbox 855 4507 940 4518">
    <p class='ocr_par' dir='ltr' id='par_1_8' title="bbox 855 4507 940 4518">
     <span class='ocr_line' id='line_1_36' title="bbox 855 4507 940 4518; baseline -0.012 0"><span class='ocrx_word' id='word_1_327' title='bbox 855 4507 940 4518; x_wconf 70' lang='grc' dir='ltr'>-υ-</span> 
     </span>
    </p>
   </div>
   <div class='ocr_carea' id='block_1_6' title="bbox 562 4591 2086 4840">
    <p class='ocr_par' dir='ltr' id='par_1_9' title="bbox 562 4591 2086 4840">
     <span class='ocr_line' id='line_1_37' title="bbox 646 4591 2086 4679; baseline -0.002 -25"><span class='ocrx_word' id='word_1_328' title='bbox 646 4591 688 4675; x_wconf 60' lang='lat' dir='ltr'>tt),</span> <span class='ocrx_word' id='word_1_329' title='bbox 709 4595 899 4654; x_wconf 85' lang='lat' dir='ltr'>llambach.</span> <span class='ocrx_word' id='word_1_330' title='bbox 923 4602 1011 4671; x_wconf 85' lang='lat' dir='ltr'>prael.</span> <span class='ocrx_word' id='word_1_331' title='bbox 1034 4607 1053 4656; x_wconf 83' lang='lat' dir='ltr'>t.</span> <span class='ocrx_word' id='word_1_332' title='bbox 1074 4603 1118 4670; x_wconf 87' lang='lat' dir='ltr'>lll,</span> <span class='ocrx_word' id='word_1_333' title='bbox 1141 4601 1228 4675; x_wconf 72' lang='lat' dir='ltr'>plo.</span> <span class='ocrx_word' id='word_1_334' title='bbox 1252 4629 1291 4644; x_wconf 86' lang='lat'>-·</span> <span class='ocrx_word' id='word_1_335' title='bbox 1379 4595 1420 4679; x_wconf 79' lang='lat'>⁴⁸)</span> <span class='ocrx_word' id='word_1_336' title='bbox 1443 4602 1569 4656; x_wconf 76' lang='lat' dir='ltr'>laren.</span> <span class='ocrx_word' id='word_1_337' title='bbox 1593 4600 1625 4666; x_wconf 89' lang='lat' dir='ltr'>ll,</span> <span class='ocrx_word' id='word_1_338' title='bbox 1648 4601 1751 4671; x_wconf 63' lang='lat' dir='ltr'>praem</span> <span class='ocrx_word' id='word_1_339' title='bbox 1775 4601 1809 4657; x_wconf 88' lang='lat' dir='ltr'>ci.</span> <span class='ocrx_word' id='word_1_340' title='bbox 1833 4597 1986 4656; x_wconf 84' lang='lat' dir='ltr'>llessiscbe</span> <span class='ocrx_word' id='word_1_341' title='bbox 2008 4592 2086 4652; x_wconf 87' lang='lat' dir='ltr'>lleb-</span> 
     </span>
     <span class='ocr_line' id='line_1_38' title="bbox 562 4681 2086 4840; baseline -0.001 -102"><span class='ocrx_word' id='word_1_342' title='bbox 562 4684 652 4837; x_wconf 57' lang='lat' dir='ltr'>ppqqq</span> <span class='ocrx_word' id='word_1_343' title='bbox 673 4689 742 4823; x_wconf 43' lang='grc' dir='ltr'>ξιξ.</span> <span class='ocrx_word' id='word_1_344' title='bbox 763 4681 981 4840; x_wconf 61' lang='lat' dir='ltr'>pllp&#39;sqtlpl&#39;tt.</span> <span class='ocrx_word' id='word_1_345' title='bbox 1004 4701 1032 4756; x_wconf 87' lang='lat' dir='ltr'>p.</span> <span class='ocrx_word' id='word_1_346' title='bbox 1053 4689 1120 4744; x_wconf 73' lang='lat' dir='ltr'>tol.</span> <span class='ocrx_word' id='word_1_347' title='bbox 1146 4717 1183 4730; x_wconf 88' lang='lat'><em>-</em></span> <span class='ocrx_word' id='word_1_348' title='bbox 1268 4681 1310 4763; x_wconf 78' lang='lat'>⁴⁹]</span> <span class='ocrx_word' id='word_1_349' title='bbox 1332 4686 1483 4744; x_wconf 81' lang='lat' dir='ltr'>Hessischs</span> <span class='ocrx_word' id='word_1_350' title='bbox 1505 4684 1658 4757; x_wconf 86' lang='lat' dir='ltr'>llebopler.</span> <span class='ocrx_word' id='word_1_351' title='bbox 1682 4699 1710 4757; x_wconf 84' lang='lat' dir='ltr'>p.</span> <span class='ocrx_word' id='word_1_352' title='bbox 1726 4687 1813 4753; x_wconf 55' lang='lat' dir='ltr'>rats</span> <span class='ocrx_word' id='word_1_353' title='bbox 1830 4685 1866 4743; x_wconf 86' lang='lat' dir='ltr'>cl.</span> <span class='ocrx_word' id='word_1_354' title='bbox 1891 4681 2086 4741; x_wconf 78' lang='lat' dir='ltr'>Rambaoln.</span> 
     </span>
    </p>
   </div>
   <div class='ocr_carea' id='block_1_7' title="bbox 0 0 2398 6084">
    <p class='ocr_par' dir='ltr' id='par_1_10' title="bbox 0 0 2398 6084">
     <span class='ocr_line' id='line_1_39' title="bbox 0 0 2398 6084; baseline 0 0"><span class='ocrx_word' id='word_1_355' title='bbox 0 0 2398 6084; x_wconf 95' lang='lat' dir='ltr'> </span> 
     </span>
    </p>
   </div>
  </div>
 </body>
</html>
