4770 6086
998 653 1046 728 ta

261 858 319 952 qui
344 877 476 928 summa
502 857 695 930 eruditione
722 869 794 930 erat
814 859 989 954 praeditus
1000 854 1065 948 ²¹¹),
1093 857 1296 932 sententiam
1322 879 1419 930 suam
1444 858 1489 930 de
1516 858 1612 930 libris
1639 857 1703 930 illis
1730 878 1785 928 ac-

261 959 410 1034 curatius
447 959 585 1054 protulit
616 969 651 1032 et
682 960 846 1034 defendit.
902 963 945 1034 Se
971 961 1104 1035 Arndtii
1137 960 1259 1032 librum
1295 961 1435 1031 maximi
1468 961 1649 1032 aestimare
1676 959 1785 1039 affert,

262 1084 367 1156 quum
399 1060 434 1130 iu
472 1082 515 1132 eo
547 1084 679 1132 summa
711 1073 853 1135 naturae
888 1063 1056 1138 humanae
1088 1063 1260 1157 pernicies
1295 1063 1470 1156 expressis
1493 1063 1610 1134 verbis
1638 1071 1671 1131 et
1699 1061 1786 1156 aptis

262 1162 477 1238 describatur
502 1173 547 1244 et,
574 1164 657 1258 quid
677 1163 952 1239 Christianismns
979 1188 1086 1240 suave
1113 1173 1148 1236 et
1167 1165 1269 1237 dulce
1295 1163 1429 1245 babeat,
1455 1165 1573 1237 lectori
1599 1163 1645 1235 cb
1668 1164 1786 1236 oculos

263 1277 428 1362 ponatur;
455 1265 646 1338 locutiones
669 1267 859 1359 singulares
884 1279 919 1339 et
941 1269 1108 1342 obscuras
1134 1285 1218 1338 casu
1235 1277 1372 1338 tantum
1400 1267 1509 1338 textui
1528 1268 1672 1338 insertas
1690 1287 1787 1349 esse;

263 1367 453 1447 dmdtium,
479 1367 538 1459 qni
564 1378 669 1440 toturn
692 1392 732 1440 sc
757 1370 1020 1461 cogitationibus
1045 1367 1209 1449 dedisset,
1236 1389 1306 1438 non
1332 1368 1414 1440 satis
1439 1378 1566 1440 attente
1591 1368 1698 1439 verba
1725 1387 1787 1440 sua

263 1471 425 1562 vigilasse
437 1464 502 1557 ²⁵).
554 1469 627 1542 Hoc
649 1469 777 1561 jndicio
811 1472 901 1542 benc
928 1473 1069 1544 fundato
1102 1470 1335 1542 controversia
1373 1472 1560 1564 composita
1588 1493 1666 1542 esse
1692 1467 1787 1540 vide-

264 1573 373 1644 batur.
425 1570 493 1643 Sed
521 1581 598 1666 post
614 1593 748 1667 *pancos
773 1593 883 1646 annos
893 1573 1077 1646 Schurflius
1096 1571 1229 1644 Buddei
1245 1571 1410 1663 judicium
1428 1573 1653 1668 impugnavit;
1682 1573 1788 1645 multo

265 1675 378 1770 potius
409 1675 444 1746 in
469 1673 624 1765 margine
659 1674 736 1746 libri
772 1675 846 1765 ejus
883 1677 1041 1769 leguntur
1075 1673 1203 1746 verba:
1247 1672 1402 1756 „Buddei
1434 1685 1531 1768 tepor
1556 1684 1691 1745 notatur
1701 1669 1787 1768 ²⁶).“

265 1776 400 1872 Optime
424 1775 583 1847 meritum
607 1797 685 1850 esse
708 1775 908 1852 Sobarflium
941 1779 1092 1850 editione
1118 1776 1339 1870 epistolarum
1364 1797 1475 1868 usque
1500 1786 1571 1847 tum
1599 1777 1788 1868 ignotarum

265 1889 323 1950 eut
345 1879 458 1950 minus
481 1877 732 1969 divulgaturum
757 1879 972 1973 aliorumque
998 1880 1043 1952 de
1065 1903 1102 1951 re
1118 1877 1305 1950 Amdtiane
1324 1877 1616 1958 documentorum,
1644 1879 1788 1951 libenter

265 1980 485 2073 agnoscimus
500 1975 563 2072 ²⁷),
589 2002 695 2073 quum
722 1981 844 2052 multas
870 2004 928 2054 res
953 2004 1016 2076 pro
1042 1983 1136 2053 veris
1162 1979 1296 2052 habitas
1321 1981 1571 2074 impugnaverit
1597 1991 1698 2073 atque
1715 2004 1789 2054 cor-

267 2083 417 2168 rexerit;
454 2091 602 2156 attamen
630 2084 738 2174 magis
775 2103 885 2175 qnam·
915 2083 1138 2178 pervidetur
1169 2103 1290 2154 eornm
1313 2082 1465 2178 partibus
1491 2083 1599 2165 lavet,
1634 2084 1692 2174 qni
1718 2085 1790 2179 plu·

267 2185 351 2258 rima
378 2184 412 2256 in
439 2184 506 2257 illis
531 2184 629 2256 libris
656 2185 880 2280 vituperanda
903 2207 982 2261 esse
1005 2195 1140 2280 putant,
1166 2185 1270 2277 idque
1295 2185 1428 2256 caussis
1455 2185 1594 2256 minime
1620 2183 1790 2258 sufficicn-

267 2287 369 2360 tibus.
396 2287 548 2358 -lllaxime
562 2285 785 2360 Wernsdorlii
800 2287 929 2378 judicio
946 2309 1109 2360 assensus
1122 2309 1202 2359 esse
1225 2287 1363 2359 videtur
1377 2296 1412 2356 et
1428 2286 1790 2360 adversariosdrndtii

268 2391 385 2474 tueri;v
403 2390 449 2460 ita
471 2388 632 2460 nonnulla
659 2389 851 2462 testimonia
878 2391 986 2472 affert,
1013 2389 1138 2482 quibus
1154 2388 1359 2461 Osiandrum
1378 2389 1516 2460 minime
1537 2388 1657 2479 injuria
1673 2401 1789 2463 contra

268 2492 449 2564 Arndtinm
473 2490 653 2585 scripsisse
680 2492 904 2586 comprobare
930 2492 1044 2564 studet
1060 2487 1121 2586 ²⁸).

293 2631 296 2638 =
369 2593 454 2666 Huic
490 2593 647 2687 scriptori
679 2615 758 2666 sese
791 2595 949 2689 opposuit
978 2594 1224 2684 Haiernngins,
1272 2594 1331 2686 qni
1360 2593 1430 2682 jam
1463 2603 1564 2664 antea
1593 2594 1791 2670 versionem

270 2695 543 2787 francogallicam
584 2694 750 2766 librorum
775 2695 1041 2769 Arndtianorum
1083 2695 1258 2777 ediderat,
1291 2694 1398 2776 libro,
1432 2694 1487 2766 cni
1519 2716 1645 2766 nomen
1671 2696 1793 2769 indidit

272 2791 497 2872 vindiciarum
507 2795 783 2880 Arndtianarnm,
810 2798 1013 2872 annonae
1039 2799 1074 2870 in
1101 2799 1211 2870 lucem
1230 2798 1377 2892 prolato;
1400 2817 1464 2868 nos
1488 2797 1611 2868 librum
1635 2799 1792 2892 accipere

274 2923 342 2974 non
355 2900 539 2995 potuimus.
591 2898 680 2982 Quid
706 2900 798 2994 apnd
823 2901 978 2974 aliosde
1004 2901 1127 2973 eodem
1154 2899 1357 2981 inveniatur,
1380 2897 1446 2970 boc
1466 2908 1530 2970 est.
1565 2899 1792 2993 Halernngius

272 3004 308 3074 in
333 3001 562 3076 defendendis
587 3000 891 3074 librisdmdtianis
915 3013 1009 3074 tanto
1035 3003 1160 3076 ardore
1186 3009 1374 3097 protractus
1400 3021 1478 3072 esse
1503 3001 1649 3083 videtur,
1678 3012 1713 3074 nt
1742 3003 1792 3076 di-

273 3117 388 3186 ceret,
415 3105 522 3177 libros
548 3103 681 3176 Arndtii
708 3105 847 3178 omniuo
871 3127 942 3176 non
968 3105 1123 3198 indigere
1148 3105 1318 3176 examine.
1371 3102 1435 3187 Qui
1460 3102 1585 3174 libmm
1611 3107 1794 3187 recensuit,

275 3207 380 3288 addit,
407 3205 602 3296 Halernngii
629 3205 796 3278 vindicias
820 3207 979 3278 examine
1002 3227 1122 3280 revera
1148 3205 1302 3299 indigere
1314 3201 1374 3296 ²⁹).

376 3307 584 3382 Sententiam
610 3307 742 3380 buddei
767 3319 886 3402 postea
912 3307 1083 3382 Walcbins
1107 3309 1263 3404 probavit
1288 3308 1538 3400 nonnullasque
1559 3309 1797 3382 adnotationes

276 3411 321 3482 ad
361 3411 470 3483 libros
507 3419 601 3482 recte
639 3409 842 3500 judicandos
882 3411 1053 3484 constituit
1072 3409 1132 3504 ³⁰).
1197 3411 1335 3482 Summe
1377 3410 1572 3505 optimeque
1614 3409 1659 3481 de
1702 3412 1798 3484 libris

274 3511 473 3585 Amdtianis
498 3511 602 3584 etde
630 3522 698 3584 tota
723 3535 761 3584 re
785 3511 969 3584 Arndtiana
993 3515 1133 3585 meritus
1160 3524 1212 3585 est
1238 3510 1311 3584 lob.
1336 3513 1405 3584 lae.
1433 3511 1659 3584 Rambacbius
1672 3509 1724 3609 ³¹)
1755 3535 1798 3585 eo

278 3615 371 3708 qnod
396 3635 487 3687 enno
515 3613 613 3685 1731
639 3637 761 3688 omnes
786 3616 920 3687 dmdtii
952 3614 1058 3687 libros
1084 3615 1210 3695 edidit,
1246 3615 1367 3707 eisque
1392 3616 1634 3708 prolegomena
1656 3616 1797 3688 addidit.

275 3715 581 3790 Tertiovolumiui
606 3719 770 3792 annexuit
796 3740 917 3790 omnes
939 3718 1101 3811 epistolas
1126 3727 1158 3788 et
1179 3717 1305 3808 judicia
1324 3717 1476 3788 virorum
1495 3717 1684 3799 doctorum,
1710 3739 1799 3813 quae

277 3819 323 3892 ad
349 3819 620 3892 controversiam
652 3831 804 3892 nostram
829 3829 993 3915 spectant.
1047 3821 1094 3890 lta
1116 3841 1174 3890 res
1202 3817 1378 3912 usquead
1403 3815 1506 3890 finem
1532 3817 1695 3914 perducta
1721 3843 1800 3894 esse

277 3921 426 3994 videtur.
477 3921 611 3994 Nostris
637 3921 858 4016 temporibus,
885 3932 922 3994 ut
943 3921 1014 4011 jam
1040 3941 1143 4016 supra
1161 3921 1311 3994 diximus
1323 3915 1388 4010 32),
1414 3922 1571 4013 quaestio
1596 3923 1704 4015 magis
1728 3925 1801 3994 nni·

280 4045 380 4098 versa
406 4023 451 4096 de
477 4022 635 4094 omnibus
661 4023 816 4114 ejusdem
843 4024 979 4114 generis
1005 4023 1101 4096 libris
1127 4033 1296 4105 tractatur,
1324 4023 1369 4096 de
1393 4043 1459 4116 qua
1486 4034 1600 4094 tamen
1626 4047 1664 4096 re
1686 4025 1802 4122 dispu-

257 4125 374 4198 tandi
398 4127 495 4198 loeus
520 4134 620 4218 aptus
645 4123 701 4197 bic
724 4147 794 4198 non
818 4147 897 4197 esse
923 4125 1068 4198 videtur.

279 4377 281 4385 ,
367 4329 407 4412 ²⁴)
430 4332 879 4406 llnssbncb,Speuer.ll,p.
900 4335 1027 4392 361-
1084 4327 1124 4411 25)
1147 4334 1347 4391 waleblll.
1369 4337 1537 4406 11215.-
1590 4327 1802 4412 ²⁶)Scbnrli.

282 4436 311 4494 p.
328 4423 394 4476 160.
419 4448 457 4461 -
523 4413 563 4496 27)
587 4419 768 4476 Soharltii
793 4417 867 4475 liber
889 4423 1058 4476 recensetur
1078 4421 1124 4476 in:
1156 4421 1350 4490 Fortgesetzte
1372 4419 1540 4491 Sammlung
1560 4435 1621 4476 von
1641 4422 1718 4477 alten
1740 4421 1801 4478 und

284 4519 381 4562 neuen
403 4503 488 4560 theol.
511 4504 633 4571 Sscben,
655 4506 721 4576 Lpz.
747 4504 835 4562 1117.
859 4520 886 4576 p.
903 4505 992 4560 tuat.
1015 4532 1052 4545 —
1107 4497 1147 4582 28)
1171 4503 1323 4560 Scharlf.
1346 4520 1374 4576 p.
1389 4507 1437 4560 ³9.
1462 4534 1500 4546 -
1550 4497 1590 4582 ²⁹)
1612 4505 1805 4576 Fortgesetzte

284 4589 460 4660 Sammlung.
485 4589 573 4648 trae.
597 4605 624 4661 p.
637 4591 705 4646 1103.
729 4618 768 4631 -
819 4581 861 4664 ³⁰)
884 4587 1017 4657 Walcb,
1041 4591 1084 4658 111,
1108 4589 1308 4662 plat-tlh
1332 4589 1367 4644 cl.
1382 4588 1413 4645 v.
1437 4607 1464 4662 p.
1481 4592 1569 4648 1158.
1587 4617 1626 4630 -
1673 4583 1715 4666 31)
1737 4590 1804 4647 Exi-

283 4676 373 4834 'gniagm
400 4674 463 4817 cipp
482 4675 698 4748 intelligentiam
726 4675 872 4748 praedicnt
893 4672 1089 4744 llossbacb,
1120 4674 1232 4749 Spener
1253 4675 1293 4739 ll,
1323 4690 1352 4746 p.
1365 4676 1434 4730 ³68.
1468 4705 1506 4718 -
1584 4667 1625 4752 ³²)
1655 4675 1691 4732 cl.
1718 4689 1806 4747 supra

302 4803 309 4828 .
347 4777 403 4834 ιι).
461 4801 469 4816 ·

1566 4966 1602 5025 8*
