<?xml version="1.0" encoding="UTF-8"?>
<!DOCTYPE html PUBLIC "-//W3C//DTD XHTML 1.0 Transitional//EN"
    "http://www.w3.org/TR/xhtml1/DTD/xhtml1-transitional.dtd">
<html xmlns="http://www.w3.org/1999/xhtml" xml:lang="en" lang="en">
 <head>
  <title>
</title>
<meta http-equiv="Content-Type" content="text/html;charset=utf-8" />
  <meta name='ocr-system' content='tesseract 3.04.00' />
  <meta name='ocr-capabilities' content='ocr_page ocr_carea ocr_par ocr_line ocrx_word'/>
</head>
<body>
  <div class='ocr_page' id='page_1' title='image "./dejohannearndti00pertgoog_0106.png"; bbox 0 0 4770 6086; ppageno 0'>
   <div class='ocr_carea' id='block_1_1' title="bbox 1314 666 1364 742">
    <p class='ocr_par' dir='ltr' id='par_1_1' title="bbox 1314 666 1364 742">
     <span class='ocr_line' id='line_1_1' title="bbox 1314 666 1364 742; baseline -0.06 0"><span class='ocrx_word' id='word_1_1' title='bbox 1314 666 1364 742; x_wconf 75' lang='lat'><strong>92</strong></span> 
     </span>
    </p>
   </div>
   <div class='ocr_carea' id='block_1_2' title="bbox 573 867 2106 4122">
    <p class='ocr_par' dir='ltr' id='par_1_2' title="bbox 573 867 2103 1576">
     <span class='ocr_line' id='line_1_2' title="bbox 574 867 2103 965; baseline -0.001 -21"><span class='ocrx_word' id='word_1_2' title='bbox 574 894 638 944; x_wconf 84' lang='lat' dir='ltr'><strong>sex</strong></span> <span class='ocrx_word' id='word_1_3' title='bbox 676 870 909 965; x_wconf 89' lang='lat' dir='ltr'><strong>precationum</strong></span> <span class='ocrx_word' id='word_1_4' title='bbox 955 893 1002 943; x_wconf 81' lang='lat' dir='ltr'><strong>ex</strong></span> <span class='ocrx_word' id='word_1_5' title='bbox 1037 871 1171 945; x_wconf 84' lang='lat' dir='ltr'><strong>Amdtii</strong></span> <span class='ocrx_word' id='word_1_6' title='bbox 1202 873 1318 946; x_wconf 90' lang='lat' dir='ltr'><strong>libello</strong></span> <span class='ocrx_word' id='word_1_7' title='bbox 1357 869 1705 962; x_wconf 68' lang='lat' dir='ltr'><strong>‚2Paradiesgttrtlain“</strong></span> <span class='ocrx_word' id='word_1_8' title='bbox 1743 867 1939 942; x_wconf 76' lang='lat' dir='ltr'><strong>hausturum</strong></span> <span class='ocrx_word' id='word_1_9' title='bbox 1978 891 2103 961; x_wconf 85' lang='lat' dir='ltr'><strong>seque·</strong></span> 
     </span>
     <span class='ocr_line' id='line_1_3' title="bbox 574 967 2103 1070; baseline 0 -26"><span class='ocrx_word' id='word_1_10' title='bbox 574 985 669 1046; x_wconf 87' lang='lat' dir='ltr'><strong>retur</strong></span> <span class='ocrx_word' id='word_1_11' title='bbox 682 970 745 1070; x_wconf 79' lang='grc'><strong>111).</strong></span> <span class='ocrx_word' id='word_1_12' title='bbox 798 971 899 1066; x_wconf 82' lang='lat' dir='ltr'>Apud</span> <span class='ocrx_word' id='word_1_13' title='bbox 922 972 1111 1068; x_wconf 91' lang='lat' dir='ltr'><strong>Spenerum</strong></span> <span class='ocrx_word' id='word_1_14' title='bbox 1137 975 1306 1066; x_wconf 79' lang='lat' dir='ltr'><strong>legimus:</strong></span> <span class='ocrx_word' id='word_1_15' title='bbox 1332 996 1466 1070; x_wconf 80' lang='lat' dir='ltr'>„nuper</span> <span class='ocrx_word' id='word_1_16' title='bbox 1490 971 1602 1044; x_wconf 90' lang='lat' dir='ltr'><strong>adhuc</strong></span> <span class='ocrx_word' id='word_1_17' title='bbox 1626 971 1671 1043; x_wconf 93' lang='lat' dir='ltr'><strong>ad</strong></span> <span class='ocrx_word' id='word_1_18' title='bbox 1697 993 1752 1043; x_wconf 90' lang='lat' dir='ltr'><strong>me</strong></span> <span class='ocrx_word' id='word_1_19' title='bbox 1777 967 1832 1043; x_wconf 75' lang='lat' dir='ltr'><strong>uir</strong></span> <span class='ocrx_word' id='word_1_20' title='bbox 1856 970 1996 1065; x_wconf 89' lang='lat' dir='ltr'><strong>quidam</strong></span> <span class='ocrx_word' id='word_1_21' title='bbox 2020 971 2103 1044; x_wconf 66' lang='lat' dir='ltr'><strong>doce</strong></span> 
     </span>
     <span class='ocr_line' id='line_1_4' title="bbox 576 1074 2103 1172; baseline -0.001 -26"><span class='ocrx_word' id='word_1_22' title='bbox 576 1077 753 1157; x_wconf 86' lang='lat' dir='ltr'>„tissimus</span> <span class='ocrx_word' id='word_1_23' title='bbox 778 1075 841 1146; x_wconf 91' lang='lat' dir='ltr'><strong>sed</strong></span> <span class='ocrx_word' id='word_1_24' title='bbox 867 1095 976 1167; x_wconf 87' lang='lat' dir='ltr'><strong>aeque</strong></span> <span class='ocrx_word' id='word_1_25' title='bbox 995 1076 1238 1170; x_wconf 76' lang='lat' dir='ltr'><strong>pientissimus,</strong></span> <span class='ocrx_word' id='word_1_26' title='bbox 1270 1078 1327 1149; x_wconf 92' lang='lat' dir='ltr'><strong>illo</strong></span> <span class='ocrx_word' id='word_1_27' title='bbox 1346 1075 1523 1172; x_wconf 77' lang='lat' dir='ltr'><strong>(Arndtio)</strong></span> <span class='ocrx_word' id='word_1_28' title='bbox 1547 1074 1686 1146; x_wconf 92' lang='lat' dir='ltr'><strong>demum</strong></span> <span class='ocrx_word' id='word_1_29' title='bbox 1713 1075 1874 1165; x_wconf 89' lang='lat' dir='ltr'><strong>magistro</strong></span> <span class='ocrx_word' id='word_1_30' title='bbox 1901 1093 1941 1146; x_wconf 89' lang='lat' dir='ltr'><strong>so</strong></span> <span class='ocrx_word' id='word_1_31' title='bbox 1966 1093 2010 1145; x_wconf 92' lang='lat' dir='ltr'><strong>eo</strong></span> <span class='ocrx_word' id='word_1_32' title='bbox 2027 1095 2103 1168; x_wconf 90' lang='lat' dir='ltr'><strong>pro-</strong></span> 
     </span>
     <span class='ocr_line' id='line_1_5' title="bbox 576 1173 2103 1271; baseline 0 -24"><span class='ocrx_word' id='word_1_33' title='bbox 576 1179 737 1260; x_wconf 71' lang='lat' dir='ltr'><strong>„lecissa</strong></span> <span class='ocrx_word' id='word_1_34' title='bbox 765 1185 802 1247; x_wconf 90' lang='lat' dir='ltr'><strong>ut</strong></span> <span class='ocrx_word' id='word_1_35' title='bbox 827 1189 1040 1268; x_wconf 87' lang='lat' dir='ltr'><strong>agnosceret,</strong></span> <span class='ocrx_word' id='word_1_36' title='bbox 1067 1199 1157 1271; x_wconf 89' lang='lat' dir='ltr'><strong>quae</strong></span> <span class='ocrx_word' id='word_1_37' title='bbox 1181 1201 1264 1252; x_wconf 86' lang='lat' dir='ltr'><strong>vcra</strong></span> <span class='ocrx_word' id='word_1_38' title='bbox 1291 1191 1386 1252; x_wconf 91' lang='lat' dir='ltr'><strong>esset</strong></span> <span class='ocrx_word' id='word_1_39' title='bbox 1411 1175 1579 1267; x_wconf 89' lang='lat' dir='ltr'><strong>theologia</strong></span> <span class='ocrx_word' id='word_1_40' title='bbox 1601 1173 1672 1266; x_wconf 64' lang='grc' dir='ltr'><strong>δι’*</strong></span> <span class='ocrx_word' id='word_1_41' title='bbox 1725 1176 1903 1248; x_wconf 86' lang='lat' dir='ltr'><strong>Praeterea</strong></span> <span class='ocrx_word' id='word_1_42' title='bbox 1929 1176 2103 1270; x_wconf 87' lang='lat' dir='ltr'><strong>Speuerus</strong></span> 
     </span>
     <span class='ocr_line' id='line_1_6' title="bbox 573 1275 2103 1361; baseline -0.002 -11"><span class='ocrx_word' id='word_1_43' title='bbox 573 1279 728 1361; x_wconf 85' lang='lat' dir='ltr'><strong>affirmat,</strong></span> <span class='ocrx_word' id='word_1_44' title='bbox 756 1277 940 1360; x_wconf 89' lang='lat' dir='ltr'><strong>hominem,</strong></span> <span class='ocrx_word' id='word_1_45' title='bbox 968 1279 1122 1352; x_wconf 87' lang='lat' dir='ltr'><strong>doctrina</strong></span> <span class='ocrx_word' id='word_1_46' title='bbox 1138 1279 1324 1353; x_wconf 82' lang='lat' dir='ltr'><strong>Arndtiana</strong></span> <span class='ocrx_word' id='word_1_47' title='bbox 1350 1283 1440 1352; x_wconf 90' lang='lat' dir='ltr'><strong>bene</strong></span> <span class='ocrx_word' id='word_1_48' title='bbox 1466 1281 1667 1350; x_wconf 88' lang='lat' dir='ltr'><strong>instructum</strong></span> <span class='ocrx_word' id='word_1_49' title='bbox 1694 1277 1875 1350; x_wconf 80' lang='lat' dir='ltr'><strong>certiorem</strong></span> <span class='ocrx_word' id='word_1_50' title='bbox 1900 1275 2103 1348; x_wconf 83' lang='lat' dir='ltr'><strong>firmiorem·</strong></span> 
     </span>
     <span class='ocr_line' id='line_1_7' title="bbox 574 1379 2101 1476; baseline -0.003 -23"><span class='ocrx_word' id='word_1_51' title='bbox 574 1403 642 1474; x_wconf 86' lang='lat' dir='ltr'><strong>que</strong></span> <span class='ocrx_word' id='word_1_52' title='bbox 669 1404 758 1454; x_wconf 67' lang='lat' dir='ltr'><strong>esse⁴</strong></span> <span class='ocrx_word' id='word_1_53' title='bbox 780 1391 897 1452; x_wconf 91' lang='lat' dir='ltr'><strong>contra</strong></span> <span class='ocrx_word' id='word_1_54' title='bbox 935 1402 1056 1454; x_wconf 89' lang='lat' dir='ltr'><strong>ornnes</strong></span> <span class='ocrx_word' id='word_1_55' title='bbox 1081 1403 1236 1465; x_wconf 88' lang='lat' dir='ltr'><strong>errores,</strong></span> <span class='ocrx_word' id='word_1_56' title='bbox 1272 1405 1376 1476; x_wconf 90' lang='lat' dir='ltr'><strong>quam</strong></span> <span class='ocrx_word' id='word_1_57' title='bbox 1402 1382 1461 1475; x_wconf 90' lang='lat' dir='ltr'><strong>qui</strong></span> <span class='ocrx_word' id='word_1_58' title='bbox 1492 1380 1604 1452; x_wconf 85' lang='lat' dir='ltr'><strong>studia</strong></span> <span class='ocrx_word' id='word_1_59' title='bbox 1630 1379 1817 1474; x_wconf 88' lang='lat' dir='ltr'><strong>polemioa,</strong></span> <span class='ocrx_word' id='word_1_60' title='bbox 1856 1380 2101 1473; x_wconf 88' lang='lat' dir='ltr'><strong>quamvisper</strong></span> 
     </span>
     <span class='ocr_line' id='line_1_8' title="bbox 576 1478 1569 1576; baseline 0.002 -24"><span class='ocrx_word' id='word_1_61' title='bbox 576 1484 715 1575; x_wconf 84' lang='lat' dir='ltr'><strong>longum</strong></span> <span class='ocrx_word' id='word_1_62' title='bbox 741 1494 876 1576; x_wconf 93' lang='lat' dir='ltr'><strong>tempus</strong></span> <span class='ocrx_word' id='word_1_63' title='bbox 902 1503 1126 1574; x_wconf 85' lang='lat' dir='ltr'><strong>magnacum</strong></span> <span class='ocrx_word' id='word_1_64' title='bbox 1152 1485 1281 1566; x_wconf 91' lang='lat' dir='ltr'><strong>labore,</strong></span> <span class='ocrx_word' id='word_1_65' title='bbox 1308 1483 1505 1556; x_wconf 79' lang='lat' dir='ltr'><strong>tractaverit</strong></span> <span class='ocrx_word' id='word_1_66' title='bbox 1523 1478 1569 1570; x_wconf 83' lang='lat'><strong>⁹).</strong></span> 
     </span>
    </p>

    <p class='ocr_par' dir='ltr' id='par_1_3' title="bbox 575 1583 2105 2470">
     <span class='ocr_line' id='line_1_9' title="bbox 676 1583 2104 1681; baseline -0.001 -27"><span class='ocrx_word' id='word_1_67' title='bbox 676 1585 720 1655; x_wconf 77' lang='lat' dir='ltr'><strong>At</strong></span> <span class='ocrx_word' id='word_1_68' title='bbox 743 1585 821 1654; x_wconf 92' lang='lat' dir='ltr'><strong>libri</strong></span> <span class='ocrx_word' id='word_1_69' title='bbox 847 1583 981 1655; x_wconf 79' lang='lat' dir='ltr'><strong>hmdtii</strong></span> <span class='ocrx_word' id='word_1_70' title='bbox 1016 1607 1085 1656; x_wconf 92' lang='lat' dir='ltr'><strong>non</strong></span> <span class='ocrx_word' id='word_1_71' title='bbox 1111 1587 1220 1657; x_wconf 93' lang='lat' dir='ltr'><strong>solum</strong></span> <span class='ocrx_word' id='word_1_72' title='bbox 1251 1608 1294 1658; x_wconf 93' lang='lat' dir='ltr'><strong>eo</strong></span> <span class='ocrx_word' id='word_1_73' title='bbox 1328 1585 1530 1681; x_wconf 87' lang='lat' dir='ltr'><strong>permultum</strong></span> <span class='ocrx_word' id='word_1_74' title='bbox 1556 1583 1736 1664; x_wconf 73' lang='lat' dir='ltr'><strong>saletam,</strong></span> <span class='ocrx_word' id='word_1_75' title='bbox 1777 1593 1813 1654; x_wconf 93' lang='lat' dir='ltr'><strong>ut</strong></span> <span class='ocrx_word' id='word_1_76' title='bbox 1839 1583 1959 1654; x_wconf 91' lang='lat' dir='ltr'><strong>lectori</strong></span> <span class='ocrx_word' id='word_1_77' title='bbox 1986 1603 2104 1654; x_wconf 91' lang='lat' dir='ltr'><strong>sanam</strong></span> 
     </span>
     <span class='ocr_line' id='line_1_10' title="bbox 576 1681 2104 1778; baseline -0.001 -20"><span class='ocrx_word' id='word_1_78' title='bbox 576 1688 807 1778; x_wconf 84' lang='lat' dir='ltr'><strong>coguitionem</strong></span> <span class='ocrx_word' id='word_1_79' title='bbox 843 1685 1005 1757; x_wconf 84' lang='lat' dir='ltr'><strong>offerrent</strong></span> <span class='ocrx_word' id='word_1_80' title='bbox 1036 1687 1085 1759; x_wconf 90' lang='lat' dir='ltr'><strong>de</strong></span> <span class='ocrx_word' id='word_1_81' title='bbox 1108 1687 1290 1759; x_wconf 85' lang='lat' dir='ltr'><strong>virtutibus</strong></span> <span class='ocrx_word' id='word_1_82' title='bbox 1325 1698 1361 1759; x_wconf 91' lang='lat' dir='ltr'><strong>et</strong></span> <span class='ocrx_word' id='word_1_83' title='bbox 1387 1698 1507 1760; x_wconf 87' lang='lat' dir='ltr'><strong>nutura</strong></span> <span class='ocrx_word' id='word_1_84' title='bbox 1542 1685 1626 1756; x_wconf 88' lang='lat' dir='ltr'><strong>boni</strong></span> <span class='ocrx_word' id='word_1_85' title='bbox 1658 1684 1867 1757; x_wconf 82' lang='lat' dir='ltr'><strong>confessoris</strong></span> <span class='ocrx_word' id='word_1_86' title='bbox 1899 1681 2104 1756; x_wconf 77' lang='lat' dir='ltr'><strong>christianae</strong></span> 
     </span>
     <span class='ocr_line' id='line_1_11' title="bbox 575 1785 2104 1882; baseline -0.001 -26"><span class='ocrx_word' id='word_1_87' title='bbox 575 1786 666 1870; x_wconf 89' lang='lat' dir='ltr'><strong>fidei,</strong></span> <span class='ocrx_word' id='word_1_88' title='bbox 693 1788 755 1860; x_wconf 89' lang='lat' dir='ltr'><strong>sed</strong></span> <span class='ocrx_word' id='word_1_89' title='bbox 781 1789 882 1859; x_wconf 89' lang='lat' dir='ltr'><strong>etiam</strong></span> <span class='ocrx_word' id='word_1_90' title='bbox 909 1789 1088 1860; x_wconf 90' lang='lat' dir='ltr'><strong>consilium</strong></span> <span class='ocrx_word' id='word_1_91' title='bbox 1115 1790 1263 1860; x_wconf 86' lang='lat' dir='ltr'><strong>assecuti</strong></span> <span class='ocrx_word' id='word_1_92' title='bbox 1290 1801 1384 1870; x_wconf 92' lang='lat' dir='ltr'><strong>suut,</strong></span> <span class='ocrx_word' id='word_1_93' title='bbox 1411 1788 1504 1882; x_wconf 87' lang='lat' dir='ltr'><strong>quod</strong></span> <span class='ocrx_word' id='word_1_94' title='bbox 1527 1787 1652 1858; x_wconf 87' lang='lat' dir='ltr'><strong>talibus</strong></span> <span class='ocrx_word' id='word_1_95' title='bbox 1678 1785 1773 1857; x_wconf 91' lang='lat' dir='ltr'><strong>libris</strong></span> <span class='ocrx_word' id='word_1_96' title='bbox 1798 1785 1841 1856; x_wconf 89' lang='lat' dir='ltr'><strong>ad</strong></span> <span class='ocrx_word' id='word_1_97' title='bbox 1869 1786 2027 1880; x_wconf 87' lang='lat' dir='ltr'><strong>pietatem</strong></span> <span class='ocrx_word' id='word_1_98' title='bbox 2042 1807 2104 1858; x_wconf 88' lang='lat' dir='ltr'><strong>ex-</strong></span> 
     </span>
     <span class='ocr_line' id='line_1_12' title="bbox 576 1887 2104 1986; baseline 0 -25"><span class='ocrx_word' id='word_1_99' title='bbox 576 1891 745 1962; x_wconf 92' lang='lat' dir='ltr'><strong>citandam</strong></span> <span class='ocrx_word' id='word_1_100' title='bbox 772 1887 1041 1982; x_wconf 88' lang='lat' dir='ltr'><strong>firmandamque</strong></span> <span class='ocrx_word' id='word_1_101' title='bbox 1064 1891 1241 1984; x_wconf 64' lang='lat' dir='ltr'><strong>⁴conceptis</strong></span> <span class='ocrx_word' id='word_1_102' title='bbox 1269 1892 1479 1986; x_wconf 91' lang='lat' dir='ltr'><strong>propositum</strong></span> <span class='ocrx_word' id='word_1_103' title='bbox 1496 1901 1560 1962; x_wconf 78' lang='lat' dir='ltr'><strong>est..</strong></span> <span class='ocrx_word' id='word_1_104' title='bbox 1613 1887 1718 1969; x_wconf 86' lang='lat' dir='ltr'><strong>Multi,</strong></span> <span class='ocrx_word' id='word_1_105' title='bbox 1743 1889 1803 1979; x_wconf 88' lang='lat' dir='ltr'><strong>qui</strong></span> <span class='ocrx_word' id='word_1_106' title='bbox 1819 1898 1931 1968; x_wconf 85' lang='lat' dir='ltr'><strong>antea,</strong></span> <span class='ocrx_word' id='word_1_107' title='bbox 1957 1887 2104 1961; x_wconf 83' lang='lat' dir='ltr'><strong>sortasse</strong></span> 
     </span>
     <span class='ocr_line' id='line_1_13' title="bbox 576 1987 2105 2072; baseline -0.001 -11"><span class='ocrx_word' id='word_1_108' title='bbox 576 1993 674 2064; x_wconf 89' lang='lat' dir='ltr'><strong>inviti</strong></span> <span class='ocrx_word' id='word_1_109' title='bbox 698 1992 764 2064; x_wconf 90' lang='lat' dir='ltr'><strong>sibi</strong></span> <span class='ocrx_word' id='word_1_110' title='bbox 790 1990 1006 2063; x_wconf 91' lang='lat' dir='ltr'><strong>solummodo</strong></span> <span class='ocrx_word' id='word_1_111' title='bbox 1029 1989 1233 2064; x_wconf 88' lang='lat' dir='ltr'><strong>videbantur</strong></span> <span class='ocrx_word' id='word_1_112' title='bbox 1259 2013 1338 2066; x_wconf 89' lang='lat' dir='ltr'><strong>esso</strong></span> <span class='ocrx_word' id='word_1_113' title='bbox 1366 1993 1446 2063; x_wconf 89' lang='lat' dir='ltr'><strong>boni</strong></span> <span class='ocrx_word' id='word_1_114' title='bbox 1470 1991 1661 2072; x_wconf 88' lang='lat' dir='ltr'><strong>christiani,</strong></span> <span class='ocrx_word' id='word_1_115' title='bbox 1688 1990 1723 2060; x_wconf 91' lang='lat' dir='ltr'><strong>in</strong></span> <span class='ocrx_word' id='word_1_116' title='bbox 1750 1991 1838 2060; x_wconf 91' lang='lat' dir='ltr'><strong>bona</strong></span> <span class='ocrx_word' id='word_1_117' title='bbox 1866 1987 1933 2060; x_wconf 88' lang='lat' dir='ltr'><strong>fide</strong></span> <span class='ocrx_word' id='word_1_118' title='bbox 1959 2009 2000 2060; x_wconf 91' lang='lat' dir='ltr'><strong>ac</strong></span> <span class='ocrx_word' id='word_1_119' title='bbox 2028 1991 2105 2060; x_wconf 86' lang='lat' dir='ltr'><strong>reli·</strong></span> 
     </span>
     <span class='ocr_line' id='line_1_14' title="bbox 576 2091 2105 2185; baseline -0.002 -20"><span class='ocrx_word' id='word_1_120' title='bbox 576 2094 678 2185; x_wconf 63' lang='lat' dir='ltr'><strong>gone</strong></span> <span class='ocrx_word' id='word_1_121' title='bbox 698 2091 937 2178; x_wconf 71' lang='lat' dir='ltr'><strong>firmabantur,</strong></span> <span class='ocrx_word' id='word_1_122' title='bbox 974 2093 1089 2165; x_wconf 90' lang='lat' dir='ltr'><strong>multis</strong></span> <span class='ocrx_word' id='word_1_123' title='bbox 1118 2092 1373 2166; x_wconf 87' lang='lat' dir='ltr'><strong>adhortationes</strong></span> <span class='ocrx_word' id='word_1_124' title='bbox 1403 2105 1438 2166; x_wconf 89' lang='lat' dir='ltr'><strong>ct</strong></span> <span class='ocrx_word' id='word_1_125' title='bbox 1472 2094 1628 2166; x_wconf 90' lang='lat' dir='ltr'><strong>solatium</strong></span> <span class='ocrx_word' id='word_1_126' title='bbox 1657 2091 1885 2172; x_wconf 84' lang='lat' dir='ltr'><strong>offerebatur,</strong></span> <span class='ocrx_word' id='word_1_127' title='bbox 1922 2091 1979 2184; x_wconf 91' lang='lat' dir='ltr'><strong>qui</strong></span> <span class='ocrx_word' id='word_1_128' title='bbox 2002 2101 2105 2164; x_wconf 76' lang='lat' dir='ltr'><strong>certe</strong></span> 
     </span>
     <span class='ocr_line' id='line_1_15' title="bbox 576 2193 2104 2292; baseline 0.001 -28"><span class='ocrx_word' id='word_1_129' title='bbox 576 2197 700 2268; x_wconf 84' lang='lat' dir='ltr'><strong>frustra</strong></span> <span class='ocrx_word' id='word_1_130' title='bbox 727 2194 772 2266; x_wconf 87' lang='lat' dir='ltr'><strong>ad</strong></span> <span class='ocrx_word' id='word_1_131' title='bbox 799 2193 1015 2285; x_wconf 75' lang='lat' dir='ltr'><strong>religionem,</strong></span> <span class='ocrx_word' id='word_1_132' title='bbox 1042 2215 1145 2288; x_wconf 89' lang='lat' dir='ltr'><strong>quam</strong></span> <span class='ocrx_word' id='word_1_133' title='bbox 1178 2219 1237 2268; x_wconf 91' lang='lat' dir='ltr'><strong>ora</strong></span> <span class='ocrx_word' id='word_1_134' title='bbox 1270 2195 1530 2292; x_wconf 84' lang='lat' dir='ltr'><strong>profitebantur,</strong></span> <span class='ocrx_word' id='word_1_135' title='bbox 1560 2195 1777 2289; x_wconf 80' lang='lat' dir='ltr'><strong>provocaturi</strong></span> <span class='ocrx_word' id='word_1_136' title='bbox 1803 2193 1957 2266; x_wconf 84' lang='lat' dir='ltr'><strong>tuissent</strong></span> <span class='ocrx_word' id='word_1_137' title='bbox 2011 2193 2104 2265; x_wconf 90' lang='lat' dir='ltr'><strong>ldem</strong></span> 
     </span>
     <span class='ocr_line' id='line_1_16' title="bbox 578 2295 2103 2394; baseline -0.002 -26"><span class='ocrx_word' id='word_1_138' title='bbox 578 2298 733 2368; x_wconf 86' lang='lat' dir='ltr'><strong>solatium</strong></span> <span class='ocrx_word' id='word_1_139' title='bbox 761 2297 837 2367; x_wconf 92' lang='lat' dir='ltr'><strong>libri</strong></span> <span class='ocrx_word' id='word_1_140' title='bbox 858 2297 1033 2368; x_wconf 87' lang='lat' dir='ltr'><strong>dabant</strong></span> <span class='ocrx_word' id='word_1_141' title='bbox 1003 2317 1065 2378; x_wconf 87' lang='lat' dir='ltr'><strong>ets,</strong></span> <span class='ocrx_word' id='word_1_142' title='bbox 1092 2298 1150 2390; x_wconf 86' lang='lat' dir='ltr'><strong>qui</strong></span> <span class='ocrx_word' id='word_1_143' title='bbox 1176 2300 1330 2394; x_wconf 89' lang='lat' dir='ltr'><strong>corporis</strong></span> <span class='ocrx_word' id='word_1_144' title='bbox 1362 2299 1491 2370; x_wconf 90' lang='lat' dir='ltr'><strong>morbis</strong></span> <span class='ocrx_word' id='word_1_145' title='bbox 1516 2296 1807 2391; x_wconf 85' lang='lat' dir='ltr'><strong>deprimebantur,</strong></span> <span class='ocrx_word' id='word_1_146' title='bbox 1833 2305 1936 2388; x_wconf 88' lang='lat' dir='ltr'><strong>atque</strong></span> <span class='ocrx_word' id='word_1_147' title='bbox 1955 2295 2018 2375; x_wconf 88' lang='lat' dir='ltr'><strong>eis,</strong></span> <span class='ocrx_word' id='word_1_148' title='bbox 2045 2295 2103 2387; x_wconf 90' lang='lat' dir='ltr'><strong>qni</strong></span> 
     </span>
     <span class='ocr_line' id='line_1_17' title="bbox 577 2399 1074 2470; baseline 0.002 -2"><span class='ocrx_word' id='word_1_149' title='bbox 577 2399 652 2469; x_wconf 90' lang='lat' dir='ltr'><strong>aliis</strong></span> <span class='ocrx_word' id='word_1_150' title='bbox 676 2399 773 2470; x_wconf 87' lang='lat' dir='ltr'><strong>malis</strong></span> <span class='ocrx_word' id='word_1_151' title='bbox 799 2399 941 2470; x_wconf 88' lang='lat' dir='ltr'><strong>obnoxii</strong></span> <span class='ocrx_word' id='word_1_152' title='bbox 967 2409 1074 2470; x_wconf 88' lang='lat' dir='ltr'><strong>erant.</strong></span> 
     </span>
    </p>

    <p class='ocr_par' dir='ltr' id='par_1_4' title="bbox 578 2497 2105 3206">
     <span class='ocr_line' id='line_1_18' title="bbox 679 2497 2105 2595; baseline 0 -24"><span class='ocrx_word' id='word_1_153' title='bbox 679 2502 832 2581; x_wconf 89' lang='lat' dir='ltr'><strong>Narrant,</strong></span> <span class='ocrx_word' id='word_1_154' title='bbox 858 2500 1052 2582; x_wconf 86' lang='lat' dir='ltr'><strong>Plcilerum,</strong></span> <span class='ocrx_word' id='word_1_155' title='bbox 1076 2503 1306 2595; x_wconf 75' lang='lat' dir='ltr'><strong>professorem</strong></span> <span class='ocrx_word' id='word_1_156' title='bbox 1333 2499 1526 2592; x_wconf 79' lang='lat' dir='ltr'><strong>theologiae</strong></span> <span class='ocrx_word' id='word_1_157' title='bbox 1554 2501 1787 2595; x_wconf 79' lang='lat' dir='ltr'><strong>lipsiensem,</strong></span> <span class='ocrx_word' id='word_1_158' title='bbox 1814 2497 1970 2578; x_wconf 76' lang='lat' dir='ltr'><strong>dixisse,</strong></span> <span class='ocrx_word' id='word_1_159' title='bbox 1996 2521 2035 2570; x_wconf 90' lang='lat' dir='ltr'><strong>se</strong></span> <span class='ocrx_word' id='word_1_160' title='bbox 2060 2499 2105 2571; x_wconf 91' lang='lat' dir='ltr'><strong>ad</strong></span> 
     </span>
     <span class='ocr_line' id='line_1_19' title="bbox 578 2601 2104 2695; baseline 0.001 -25"><span class='ocrx_word' id='word_1_161' title='bbox 578 2603 686 2673; x_wconf 89' lang='lat' dir='ltr'><strong>Deum</strong></span> <span class='ocrx_word' id='word_1_162' title='bbox 713 2623 919 2675; x_wconf 88' lang='lat' dir='ltr'><strong>conversum</strong></span> <span class='ocrx_word' id='word_1_163' title='bbox 948 2625 1028 2674; x_wconf 87' lang='lat' dir='ltr'><strong>esse</strong></span> <span class='ocrx_word' id='word_1_164' title='bbox 1062 2613 1098 2674; x_wconf 90' lang='lat' dir='ltr'><strong>et</strong></span> <span class='ocrx_word' id='word_1_165' title='bbox 1130 2625 1215 2675; x_wconf 84' lang='lat' dir='ltr'><strong>vere</strong></span> <span class='ocrx_word' id='word_1_166' title='bbox 1249 2602 1468 2676; x_wconf 87' lang='lat' dir='ltr'><strong>christianum</strong></span> <span class='ocrx_word' id='word_1_167' title='bbox 1503 2625 1583 2674; x_wconf 90' lang='lat' dir='ltr'><strong>esse</strong></span> <span class='ocrx_word' id='word_1_168' title='bbox 1609 2603 1750 2682; x_wconf 91' lang='lat' dir='ltr'><strong>sactum,</strong></span> <span class='ocrx_word' id='word_1_169' title='bbox 1786 2621 1894 2693; x_wconf 82' lang='lat' dir='ltr'><strong>quum</strong></span> <span class='ocrx_word' id='word_1_170' title='bbox 1920 2601 2104 2695; x_wconf 87' lang='lat' dir='ltr'><strong>incepisset</strong></span> 
     </span>
     <span class='ocr_line' id='line_1_20' title="bbox 579 2701 2103 2798; baseline 0.001 -25"><span class='ocrx_word' id='word_1_171' title='bbox 579 2704 712 2777; x_wconf 80' lang='lat' dir='ltr'><strong>hmdtii</strong></span> <span class='ocrx_word' id='word_1_172' title='bbox 744 2705 849 2775; x_wconf 91' lang='lat' dir='ltr'><strong>libros</strong></span> <span class='ocrx_word' id='word_1_173' title='bbox 884 2703 930 2774; x_wconf 89' lang='lat' dir='ltr'><strong>de</strong></span> <span class='ocrx_word' id='word_1_174' title='bbox 965 2725 998 2774; x_wconf 85' lang='grc' dir='ltr'><strong>ιι.</strong></span> <span class='ocrx_word' id='word_1_175' title='bbox 1027 2702 1104 2775; x_wconf 87' lang='lat' dir='ltr'><strong>Chr.</strong></span> <span class='ocrx_word' id='word_1_176' title='bbox 1136 2706 1262 2797; x_wconf 80' lang='lat' dir='ltr'><strong>legere</strong></span> <span class='ocrx_word' id='word_1_177' title='bbox 1315 2706 1430 2798; x_wconf 88' lang='lat' dir='ltr'><strong>Usque</strong></span> <span class='ocrx_word' id='word_1_178' title='bbox 1460 2705 1503 2776; x_wconf 91' lang='lat' dir='ltr'><strong>ad</strong></span> <span class='ocrx_word' id='word_1_179' title='bbox 1532 2715 1677 2776; x_wconf 90' lang='lat' dir='ltr'><strong>mortem</strong></span> <span class='ocrx_word' id='word_1_180' title='bbox 1705 2701 1810 2773; x_wconf 90' lang='lat' dir='ltr'><strong>libros</strong></span> <span class='ocrx_word' id='word_1_181' title='bbox 1836 2701 1976 2772; x_wconf 85' lang='lat' dir='ltr'><strong>maximi</strong></span> <span class='ocrx_word' id='word_1_182' title='bbox 2002 2704 2103 2775; x_wconf 89' lang='lat' dir='ltr'><strong>aesti-</strong></span> 
     </span>
     <span class='ocr_line' id='line_1_21' title="bbox 579 2804 2104 2902; baseline -0.001 -24"><span class='ocrx_word' id='word_1_183' title='bbox 579 2823 693 2879; x_wconf 87' lang='lat' dir='ltr'><strong>masse</strong></span> <span class='ocrx_word' id='word_1_184' title='bbox 724 2808 777 2877; x_wconf 82' lang='grc' dir='ltr'><strong>ιιι</strong></span> <span class='ocrx_word' id='word_1_185' title='bbox 809 2805 931 2878; x_wconf 90' lang='lat' dir='ltr'><strong>doctus</strong></span> <span class='ocrx_word' id='word_1_186' title='bbox 954 2807 1087 2878; x_wconf 81' lang='lat' dir='ltr'><strong>dicitur.</strong></span> <span class='ocrx_word' id='word_1_187' title='bbox 1150 2809 1187 2878; x_wconf 93' lang='lat' dir='ltr'><strong>lu</strong></span> <span class='ocrx_word' id='word_1_188' title='bbox 1213 2817 1416 2879; x_wconf 88' lang='lat' dir='ltr'><strong>testamento</strong></span> <span class='ocrx_word' id='word_1_189' title='bbox 1443 2807 1645 2902; x_wconf 86' lang='lat' dir='ltr'><strong>imperavit,</strong></span> <span class='ocrx_word' id='word_1_190' title='bbox 1682 2813 1719 2876; x_wconf 94' lang='lat' dir='ltr'><strong>ut</strong></span> <span class='ocrx_word' id='word_1_191' title='bbox 1744 2805 1810 2876; x_wconf 92' lang='lat' dir='ltr'><strong>sibi</strong></span> <span class='ocrx_word' id='word_1_192' title='bbox 1837 2813 1971 2875; x_wconf 92' lang='lat' dir='ltr'><strong>mortuo</strong></span> <span class='ocrx_word' id='word_1_193' title='bbox 1998 2804 2104 2876; x_wconf 88' lang='lat' dir='ltr'><strong>libros</strong></span> 
     </span>
     <span class='ocr_line' id='line_1_22' title="bbox 578 2904 2104 3001; baseline -0.002 -20"><span class='ocrx_word' id='word_1_194' title='bbox 578 2910 710 2990; x_wconf 89' lang='lat' dir='ltr'><strong>darent,</strong></span> <span class='ocrx_word' id='word_1_195' title='bbox 737 2929 954 3001; x_wconf 88' lang='lat' dir='ltr'><strong>quosquam</strong></span> <span class='ocrx_word' id='word_1_196' title='bbox 982 2929 1027 2978; x_wconf 84' lang='lat' dir='ltr'><strong>ex</strong></span> <span class='ocrx_word' id='word_1_197' title='bbox 1045 2918 1154 2980; x_wconf 89' lang='lat' dir='ltr'><strong>morte</strong></span> <span class='ocrx_word' id='word_1_198' title='bbox 1181 2910 1411 2991; x_wconf 84' lang='lat' dir='ltr'><strong>suscitaretur,</strong></span> <span class='ocrx_word' id='word_1_199' title='bbox 1438 2909 1482 2981; x_wconf 91' lang='lat' dir='ltr'><strong>ad</strong></span> <span class='ocrx_word' id='word_1_200' title='bbox 1499 2907 1561 2980; x_wconf 90' lang='lat' dir='ltr'><strong>Dei</strong></span> <span class='ocrx_word' id='word_1_201' title='bbox 1588 2907 1746 2979; x_wconf 90' lang='lat' dir='ltr'><strong>thronum</strong></span> <span class='ocrx_word' id='word_1_202' title='bbox 1773 2905 1910 2978; x_wconf 82' lang='lat' dir='ltr'><strong>afferret</strong></span> <span class='ocrx_word' id='word_1_203' title='bbox 1928 2904 2104 2999; x_wconf 70' lang='lat' dir='ltr'><strong>libereque</strong></span> 
     </span>
     <span class='ocr_line' id='line_1_23' title="bbox 580 3007 2104 3106; baseline -0.002 -25"><span class='ocrx_word' id='word_1_204' title='bbox 580 3009 810 3106; x_wconf 85' lang='lat' dir='ltr'><strong>profiteretur,</strong></span> <span class='ocrx_word' id='word_1_205' title='bbox 836 3032 876 3080; x_wconf 93' lang='lat' dir='ltr'><strong>se</strong></span> <span class='ocrx_word' id='word_1_206' title='bbox 903 3010 1035 3081; x_wconf 81' lang='lat' dir='ltr'><strong>Arndtii</strong></span> <span class='ocrx_word' id='word_1_207' title='bbox 1059 3019 1189 3082; x_wconf 87' lang='lat' dir='ltr'><strong>tantum</strong></span> <span class='ocrx_word' id='word_1_208' title='bbox 1215 3011 1311 3083; x_wconf 92' lang='lat' dir='ltr'><strong>libris</strong></span> <span class='ocrx_word' id='word_1_209' title='bbox 1338 3011 1491 3102; x_wconf 89' lang='lat' dir='ltr'><strong>legendis</strong></span> <span class='ocrx_word' id='word_1_210' title='bbox 1517 3010 1561 3082; x_wconf 92' lang='lat' dir='ltr'><strong>ad</strong></span> <span class='ocrx_word' id='word_1_211' title='bbox 1584 3011 1692 3082; x_wconf 86' lang='lat' dir='ltr'><strong>Deum</strong></span> <span class='ocrx_word' id='word_1_212' title='bbox 1719 3031 1758 3080; x_wconf 90' lang='lat' dir='ltr'><strong>se</strong></span> <span class='ocrx_word' id='word_1_213' title='bbox 1786 3007 2003 3080; x_wconf 86' lang='lat' dir='ltr'><strong>convertisse</strong></span> <span class='ocrx_word' id='word_1_214' title='bbox 2028 3019 2104 3079; x_wconf 85' lang='lat' dir='ltr'><strong>ata</strong></span> 
     </span>
     <span class='ocr_line' id='line_1_24' title="bbox 578 3111 1273 3206; baseline -0.003 -22"><span class='ocrx_word' id='word_1_215' title='bbox 578 3113 707 3206; x_wconf 88' lang='lat' dir='ltr'><strong>spiritu</strong></span> <span class='ocrx_word' id='word_1_216' title='bbox 723 3122 841 3182; x_wconf 88' lang='lat' dir='ltr'><strong>sancto</strong></span> <span class='ocrx_word' id='word_1_217' title='bbox 868 3112 1089 3184; x_wconf 89' lang='lat' dir='ltr'><strong>illuminatum</strong></span> <span class='ocrx_word' id='word_1_218' title='bbox 1116 3134 1194 3186; x_wconf 90' lang='lat' dir='ltr'><strong>esse</strong></span> <span class='ocrx_word' id='word_1_219' title='bbox 1212 3111 1273 3202; x_wconf 80' lang='lat'><strong>¹⁰).</strong></span> 
     </span>
    </p>

    <p class='ocr_par' dir='ltr' id='par_1_5' title="bbox 577 3209 2105 3615">
     <span class='ocr_line' id='line_1_25' title="bbox 680 3209 2104 3311; baseline 0.001 -28"><span class='ocrx_word' id='word_1_220' title='bbox 680 3215 789 3305; x_wconf 85' lang='lat' dir='ltr'><strong>Leges</strong></span> <span class='ocrx_word' id='word_1_221' title='bbox 825 3215 930 3284; x_wconf 90' lang='lat' dir='ltr'><strong>verba</strong></span> <span class='ocrx_word' id='word_1_222' title='bbox 967 3215 1131 3308; x_wconf 88' lang='lat' dir='ltr'><strong>Speneri:</strong></span> <span class='ocrx_word' id='word_1_223' title='bbox 1170 3215 1367 3311; x_wconf 89' lang='lat' dir='ltr'><strong>„Superiori</strong></span> <span class='ocrx_word' id='word_1_224' title='bbox 1404 3235 1494 3285; x_wconf 89' lang='lat' dir='ltr'><strong>anno</strong></span> <span class='ocrx_word' id='word_1_225' title='bbox 1527 3213 1571 3284; x_wconf 87' lang='lat' dir='ltr'><strong>ad</strong></span> <span class='ocrx_word' id='word_1_226' title='bbox 1597 3222 1776 3304; x_wconf 85' lang='lat' dir='ltr'><strong>aegrotum</strong></span> <span class='ocrx_word' id='word_1_227' title='bbox 1807 3212 1900 3305; x_wconf 91' lang='lat' dir='ltr'><strong>prius</strong></span> <span class='ocrx_word' id='word_1_228' title='bbox 1927 3209 2010 3281; x_wconf 90' lang='lat' dir='ltr'><strong>mihi</strong></span> <span class='ocrx_word' id='word_1_229' title='bbox 2036 3233 2104 3284; x_wconf 90' lang='lat' dir='ltr'><strong>uon</strong></span> 
     </span>
     <span class='ocr_line' id='line_1_26' title="bbox 578 3313 2105 3411; baseline -0.002 -24"><span class='ocrx_word' id='word_1_230' title='bbox 578 3317 751 3408; x_wconf 89' lang='lat' dir='ltr'><strong>cognitam</strong></span> <span class='ocrx_word' id='word_1_231' title='bbox 784 3327 926 3388; x_wconf 86' lang='lat' dir='ltr'><strong>vocatus</strong></span> <span class='ocrx_word' id='word_1_232' title='bbox 959 3316 1080 3388; x_wconf 89' lang='lat' dir='ltr'><strong>solutio</strong></span> <span class='ocrx_word' id='word_1_233' title='bbox 1105 3327 1142 3387; x_wconf 89' lang='lat' dir='ltr'><strong>et</strong></span> <span class='ocrx_word' id='word_1_234' title='bbox 1167 3316 1293 3408; x_wconf 87' lang='lat' dir='ltr'><strong>gaudio</strong></span> <span class='ocrx_word' id='word_1_235' title='bbox 1320 3317 1452 3411; x_wconf 89' lang='lat' dir='ltr'><strong>plenior</strong></span> <span class='ocrx_word' id='word_1_236' title='bbox 1473 3315 1518 3385; x_wconf 84' lang='lat' dir='ltr'><strong>ab</strong></span> <span class='ocrx_word' id='word_1_237' title='bbox 1544 3339 1587 3388; x_wconf 91' lang='lat' dir='ltr'><strong>eo</strong></span> <span class='ocrx_word' id='word_1_238' title='bbox 1610 3314 1773 3394; x_wconf 87' lang='lat' dir='ltr'><strong>discessi,</strong></span> <span class='ocrx_word' id='word_1_239' title='bbox 1810 3333 1912 3405; x_wconf 86' lang='lat' dir='ltr'><strong>quam</strong></span> <span class='ocrx_word' id='word_1_240' title='bbox 1948 3313 2035 3386; x_wconf 83' lang='lat' dir='ltr'><strong>sorte</strong></span> <span class='ocrx_word' id='word_1_241' title='bbox 2060 3335 2105 3386; x_wconf 85' lang='lat' dir='ltr'><strong>ex</strong></span> 
     </span>
     <span class='ocr_line' id='line_1_27' title="bbox 577 3416 2105 3512; baseline 0 -24"><span class='ocrx_word' id='word_1_242' title='bbox 577 3439 632 3488; x_wconf 92' lang='lat' dir='ltr'><strong>me</strong></span> <span class='ocrx_word' id='word_1_243' title='bbox 659 3418 732 3512; x_wconf 90' lang='lat' dir='ltr'><strong>ipse</strong></span> <span class='ocrx_word' id='word_1_244' title='bbox 760 3416 886 3498; x_wconf 88' lang='lat' dir='ltr'><strong>hausit,</strong></span> <span class='ocrx_word' id='word_1_245' title='bbox 926 3439 1003 3490; x_wconf 87' lang='lat' dir='ltr'><strong>cum</strong></span> <span class='ocrx_word' id='word_1_246' title='bbox 1030 3417 1200 3510; x_wconf 76' lang='lat' dir='ltr'><strong>insignem</strong></span> <span class='ocrx_word' id='word_1_247' title='bbox 1230 3419 1321 3489; x_wconf 87' lang='lat' dir='ltr'><strong>illam</strong></span> <span class='ocrx_word' id='word_1_248' title='bbox 1350 3417 1502 3490; x_wconf 85' lang='lat' dir='ltr'><strong>divinam</strong></span> <span class='ocrx_word' id='word_1_249' title='bbox 1529 3418 1779 3509; x_wconf 87' lang='lat' dir='ltr'><strong>cognitionem,</strong></span> <span class='ocrx_word' id='word_1_250' title='bbox 1813 3435 1917 3507; x_wconf 86' lang='lat' dir='ltr'><strong>quam</strong></span> <span class='ocrx_word' id='word_1_251' title='bbox 1946 3435 1992 3486; x_wconf 83' lang='lat' dir='ltr'><strong>ex</strong></span> <span class='ocrx_word' id='word_1_252' title='bbox 2019 3417 2105 3488; x_wconf 91' lang='lat' dir='ltr'><strong>libro</strong></span> 
     </span>
     <span class='ocr_line' id='line_1_28' title="bbox 579 3515 2014 3615; baseline 0 -27"><span class='ocrx_word' id='word_1_253' title='bbox 579 3518 643 3592; x_wconf 91' lang='lat' dir='ltr'><strong>hoc</strong></span> <span class='ocrx_word' id='word_1_254' title='bbox 669 3531 781 3591; x_wconf 88' lang='lat' dir='ltr'><strong>amatu</strong></span> <span class='ocrx_word' id='word_1_255' title='bbox 809 3519 979 3609; x_wconf 85' lang='lat' dir='ltr'><strong>(Arndtii)</strong></span> <span class='ocrx_word' id='word_1_256' title='bbox 1004 3532 1220 3614; x_wconf 90' lang='lat' dir='ltr'><strong>conceperat,</strong></span> <span class='ocrx_word' id='word_1_257' title='bbox 1248 3543 1294 3592; x_wconf 82' lang='lat' dir='ltr'><strong>ex</strong></span> <span class='ocrx_word' id='word_1_258' title='bbox 1321 3541 1481 3592; x_wconf 90' lang='lat' dir='ltr'><strong>sermone</strong></span> <span class='ocrx_word' id='word_1_259' title='bbox 1506 3520 1581 3611; x_wconf 87' lang='lat' dir='ltr'><strong>ejus</strong></span> <span class='ocrx_word' id='word_1_260' title='bbox 1606 3517 1914 3615; x_wconf 85' lang='lat' dir='ltr'><strong>deprehendissem</strong></span> <span class='ocrx_word' id='word_1_261' title='bbox 1931 3515 2014 3605; x_wconf 89' lang='grc'><strong>11).“</strong></span> 
     </span>
    </p>

    <p class='ocr_par' dir='ltr' id='par_1_6' title="bbox 577 3619 2106 4122">
     <span class='ocr_line' id='line_1_29' title="bbox 678 3619 2105 3716; baseline -0.001 -24"><span class='ocrx_word' id='word_1_262' title='bbox 678 3621 786 3694; x_wconf 90' lang='lat' dir='ltr'><strong>Unum</strong></span> <span class='ocrx_word' id='word_1_263' title='bbox 810 3623 944 3693; x_wconf 83' lang='lat' dir='ltr'><strong>referre</strong></span> <span class='ocrx_word' id='word_1_264' title='bbox 968 3621 1128 3693; x_wconf 90' lang='lat' dir='ltr'><strong>omittere</strong></span> <span class='ocrx_word' id='word_1_265' title='bbox 1154 3644 1222 3693; x_wconf 91' lang='lat' dir='ltr'><strong>nou</strong></span> <span class='ocrx_word' id='word_1_266' title='bbox 1251 3643 1451 3716; x_wconf 91' lang='lat' dir='ltr'><strong>possumus,</strong></span> <span class='ocrx_word' id='word_1_267' title='bbox 1479 3642 1549 3714; x_wconf 89' lang='lat' dir='ltr'><strong>quo</strong></span> <span class='ocrx_word' id='word_1_268' title='bbox 1576 3619 1677 3692; x_wconf 91' lang='lat' dir='ltr'><strong>nobis</strong></span> <span class='ocrx_word' id='word_1_269' title='bbox 1703 3619 1887 3714; x_wconf 85' lang='lat' dir='ltr'><strong>probetur,</strong></span> <span class='ocrx_word' id='word_1_270' title='bbox 1921 3623 1955 3691; x_wconf 92' lang='lat' dir='ltr'><strong>iu</strong></span> <span class='ocrx_word' id='word_1_271' title='bbox 1978 3633 2105 3712; x_wconf 88' lang='lat' dir='ltr'><strong>quanto</strong></span> 
     </span>
     <span class='ocr_line' id='line_1_30' title="bbox 577 3722 2106 3818; baseline -0.001 -25"><span class='ocrx_word' id='word_1_272' title='bbox 577 3743 694 3794; x_wconf 91' lang='lat' dir='ltr'><strong>amore</strong></span> <span class='ocrx_word' id='word_1_273' title='bbox 730 3735 765 3794; x_wconf 90' lang='lat' dir='ltr'><strong>et</strong></span> <span class='ocrx_word' id='word_1_274' title='bbox 790 3722 922 3795; x_wconf 89' lang='lat' dir='ltr'><strong>deliciis</strong></span> <span class='ocrx_word' id='word_1_275' title='bbox 955 3723 1031 3794; x_wconf 90' lang='lat' dir='ltr'><strong>libri</strong></span> <span class='ocrx_word' id='word_1_276' title='bbox 1056 3723 1234 3794; x_wconf 80' lang='lat' dir='ltr'><strong>Arndtiani</strong></span> <span class='ocrx_word' id='word_1_277' title='bbox 1261 3723 1458 3796; x_wconf 89' lang='lat' dir='ltr'><strong>hominibus</strong></span> <span class='ocrx_word' id='word_1_278' title='bbox 1496 3725 1560 3818; x_wconf 91' lang='lat' dir='ltr'><strong>piis</strong></span> <span class='ocrx_word' id='word_1_279' title='bbox 1587 3723 1722 3796; x_wconf 87' lang='lat' dir='ltr'><strong>suerint..</strong></span> <span class='ocrx_word' id='word_1_280' title='bbox 1776 3722 1912 3792; x_wconf 91' lang='lat' dir='ltr'><strong>lncolae</strong></span> <span class='ocrx_word' id='word_1_281' title='bbox 1937 3722 2106 3793; x_wconf 87' lang='lat' dir='ltr'><strong>Salishur·</strong></span> 
     </span>
     <span class='ocr_line' id='line_1_31' title="bbox 578 3823 2106 3920; baseline -0.001 -24"><span class='ocrx_word' id='word_1_282' title='bbox 578 3847 704 3916; x_wconf 83' lang='lat' dir='ltr'><strong>gauses</strong></span> <span class='ocrx_word' id='word_1_283' title='bbox 736 3847 842 3918; x_wconf 91' lang='lat' dir='ltr'><strong>quum</strong></span> <span class='ocrx_word' id='word_1_284' title='bbox 876 3847 920 3897; x_wconf 84' lang='lat' dir='ltr'><strong>ex</strong></span> <span class='ocrx_word' id='word_1_285' title='bbox 948 3827 1055 3919; x_wconf 84' lang='lat' dir='ltr'><strong>patria</strong></span> <span class='ocrx_word' id='word_1_286' title='bbox 1083 3847 1143 3898; x_wconf 90' lang='lat' dir='ltr'><strong>sua</strong></span> <span class='ocrx_word' id='word_1_287' title='bbox 1171 3827 1397 3920; x_wconf 88' lang='lat' dir='ltr'><strong>pellerentur,</strong></span> <span class='ocrx_word' id='word_1_288' title='bbox 1436 3847 1570 3898; x_wconf 91' lang='lat' dir='ltr'><strong>summo</strong></span> <span class='ocrx_word' id='word_1_289' title='bbox 1596 3847 1675 3897; x_wconf 92' lang='lat' dir='ltr'><strong>cum</strong></span> <span class='ocrx_word' id='word_1_290' title='bbox 1699 3823 1859 3919; x_wconf 85' lang='lat' dir='ltr'><strong>periculo</strong></span> <span class='ocrx_word' id='word_1_291' title='bbox 1884 3823 2049 3896; x_wconf 85' lang='lat' dir='ltr'><strong>libertatis</strong></span> <span class='ocrx_word' id='word_1_292' title='bbox 2072 3835 2106 3894; x_wconf 89' lang='lat' dir='ltr'><strong>et</strong></span> 
     </span>
     <span class='ocr_line' id='line_1_32' title="bbox 579 3924 2105 4023; baseline -0.001 -27"><span class='ocrx_word' id='word_1_293' title='bbox 579 3927 668 3998; x_wconf 91' lang='lat' dir='ltr'><strong>vitae</strong></span> <span class='ocrx_word' id='word_1_294' title='bbox 693 3927 780 3998; x_wconf 92' lang='lat' dir='ltr'><strong>iuter</strong></span> <span class='ocrx_word' id='word_1_295' title='bbox 803 3926 910 3998; x_wconf 89' lang='lat' dir='ltr'><strong>libros</strong></span> <span class='ocrx_word' id='word_1_296' title='bbox 936 3928 1022 4022; x_wconf 90' lang='lat' dir='ltr'><strong>pios,</strong></span> <span class='ocrx_word' id='word_1_297' title='bbox 1050 3950 1137 4020; x_wconf 89' lang='lat' dir='ltr'><strong>quos</strong></span> <span class='ocrx_word' id='word_1_298' title='bbox 1162 3928 1383 4000; x_wconf 88' lang='lat' dir='ltr'><strong>absconditos</strong></span> <span class='ocrx_word' id='word_1_299' title='bbox 1410 3949 1529 4000; x_wconf 87' lang='lat' dir='ltr'><strong>secam</strong></span> <span class='ocrx_word' id='word_1_300' title='bbox 1554 3927 1752 4023; x_wconf 89' lang='lat' dir='ltr'><strong>portabant,</strong></span> <span class='ocrx_word' id='word_1_301' title='bbox 1779 3924 1880 3996; x_wconf 90' lang='lat' dir='ltr'><strong>etiam</strong></span> <span class='ocrx_word' id='word_1_302' title='bbox 1907 3925 2040 3998; x_wconf 81' lang='grc' dir='ltr'><strong>Αιιιιιιιι</strong></span> <span class='ocrx_word' id='word_1_303' title='bbox 2068 3927 2105 3996; x_wconf 91' lang='lat' dir='ltr'><strong>li·</strong></span> 
     </span>
     <span class='ocr_line' id='line_1_33' title="bbox 580 4025 1402 4122; baseline 0.004 -25"><span class='ocrx_word' id='word_1_304' title='bbox 580 4027 689 4099; x_wconf 89' lang='lat' dir='ltr'><strong>bellos</strong></span> <span class='ocrx_word' id='word_1_305' title='bbox 714 4029 758 4100; x_wconf 90' lang='lat' dir='ltr'><strong>de</strong></span> <span class='ocrx_word' id='word_1_306' title='bbox 784 4053 817 4098; x_wconf 89' lang='lat' dir='ltr'><strong>v.</strong></span> <span class='ocrx_word' id='word_1_307' title='bbox 840 4027 916 4102; x_wconf 86' lang='lat' dir='ltr'><strong>Chr.</strong></span> <span class='ocrx_word' id='word_1_308' title='bbox 944 4029 1009 4100; x_wconf 91' lang='lat' dir='ltr'><strong>sibi</strong></span> <span class='ocrx_word' id='word_1_309' title='bbox 1035 4042 1328 4102; x_wconf 87' lang='lat' dir='ltr'><strong>conservaverunt</strong></span> <span class='ocrx_word' id='word_1_310' title='bbox 1344 4025 1402 4122; x_wconf 83' lang='grc'><strong>11).</strong></span> 
     </span>
    </p>
   </div>
   <div class='ocr_carea' id='block_1_3' title="bbox 579 4259 2107 4937">
    <p class='ocr_par' dir='ltr' id='par_1_7' title="bbox 580 4259 2107 4937">
     <span class='ocr_line' id='line_1_34' title="bbox 664 4259 2104 4342; baseline 0 -21"><span class='ocrx_word' id='word_1_311' title='bbox 664 4259 708 4341; x_wconf 77' lang='grc'><strong>71))</strong></span> <span class='ocrx_word' id='word_1_312' title='bbox 733 4267 767 4321; x_wconf 83' lang='lat' dir='ltr'><strong>cl.</strong></span> <span class='ocrx_word' id='word_1_313' title='bbox 789 4267 920 4325; x_wconf 83' lang='lat' dir='ltr'><strong>Paulus</strong></span> <span class='ocrx_word' id='word_1_314' title='bbox 942 4269 1142 4328; x_wconf 86' lang='lat' dir='ltr'><strong>Garhardts</strong></span> <span class='ocrx_word' id='word_1_315' title='bbox 1165 4271 1431 4342; x_wconf 82' lang='lat' dir='ltr'><strong>geistlicheLieder.</strong></span> <span class='ocrx_word' id='word_1_316' title='bbox 1456 4269 1593 4342; x_wconf 79' lang='lat' dir='ltr'><strong>stuttgart</strong></span> <span class='ocrx_word' id='word_1_317' title='bbox 1611 4272 1698 4326; x_wconf 81' lang='lat' dir='ltr'><strong>teta.</strong></span> <span class='ocrx_word' id='word_1_318' title='bbox 1725 4273 1751 4326; x_wconf 77' lang='grc' dir='ltr'><strong>ι.</strong></span> <span class='ocrx_word' id='word_1_319' title='bbox 1766 4267 1838 4325; x_wconf 76' lang='lat' dir='ltr'><strong>lun.</strong></span> <span class='ocrx_word' id='word_1_320' title='bbox 1863 4285 1891 4340; x_wconf 92' lang='lat' dir='ltr'><strong>p.</strong></span> <span class='ocrx_word' id='word_1_321' title='bbox 1910 4267 2042 4340; x_wconf 73' lang='lat' dir='ltr'><strong>lobsqq.</strong></span> <span class='ocrx_word' id='word_1_322' title='bbox 2067 4297 2104 4308; x_wconf 93' lang='lat'>-</span> 
     </span>
     <span class='ocr_line' id='line_1_35' title="bbox 581 4345 2106 4433; baseline 0 -26"><span class='ocrx_word' id='word_1_323' title='bbox 581 4345 605 4427; x_wconf 77' lang='grc'><strong>8)</strong></span> <span class='ocrx_word' id='word_1_324' title='bbox 628 4350 786 4422; x_wconf 85' lang='lat' dir='ltr'><strong>Spencri</strong></span> <span class='ocrx_word' id='word_1_325' title='bbox 808 4367 888 4410; x_wconf 89' lang='lat' dir='ltr'><strong>cous.</strong></span> <span class='ocrx_word' id='word_1_326' title='bbox 910 4355 949 4411; x_wconf 91' lang='grc' dir='ltr'><strong>ιιι.</strong></span> <span class='ocrx_word' id='word_1_327' title='bbox 972 4356 1018 4412; x_wconf 88' lang='lat' dir='ltr'><strong>lat.</strong></span> <span class='ocrx_word' id='word_1_328' title='bbox 1042 4355 1085 4422; x_wconf 96' lang='lat' dir='ltr'><strong>lll,</strong></span> <span class='ocrx_word' id='word_1_329' title='bbox 1106 4371 1134 4427; x_wconf 90' lang='lat' dir='ltr'><strong>p.</strong></span> <span class='ocrx_word' id='word_1_330' title='bbox 1158 4358 1248 4412; x_wconf 68' lang='lat' dir='ltr'><strong>tata.</strong></span> <span class='ocrx_word' id='word_1_331' title='bbox 1272 4385 1311 4398; x_wconf 88' lang='lat'><em>-</em></span> <span class='ocrx_word' id='word_1_332' title='bbox 1377 4351 1405 4433; x_wconf 78' lang='lat'><strong>⁹)</strong></span> <span class='ocrx_word' id='word_1_333' title='bbox 1429 4355 1507 4427; x_wconf 79' lang='lat' dir='ltr'><strong>„Ego</strong></span> <span class='ocrx_word' id='word_1_334' title='bbox 1524 4356 1624 4427; x_wconf 77' lang='lat' dir='ltr'><strong>Jurare</strong></span> <span class='ocrx_word' id='word_1_335' title='bbox 1645 4357 1746 4421; x_wconf 86' lang='lat' dir='ltr'><strong>ausim,</strong></span> <span class='ocrx_word' id='word_1_336' title='bbox 1771 4356 1820 4425; x_wconf 88' lang='lat' dir='ltr'><strong>qul</strong></span> <span class='ocrx_word' id='word_1_337' title='bbox 1843 4352 1954 4408; x_wconf 78' lang='grc' dir='ltr'><strong>Αιιιιιιιι</strong></span> <span class='ocrx_word' id='word_1_338' title='bbox 1975 4350 2106 4408; x_wconf 85' lang='lat' dir='ltr'><strong>doctrina</strong></span> 
     </span>
     <span class='ocr_line' id='line_1_36' title="bbox 581 4433 2107 4512; baseline 0.002 -23"><span class='ocrx_word' id='word_1_339' title='bbox 581 4451 669 4502; x_wconf 83' lang='lat' dir='ltr'><strong>„vera</strong></span> <span class='ocrx_word' id='word_1_340' title='bbox 691 4433 818 4492; x_wconf 87' lang='lat' dir='ltr'><strong>imbutus</strong></span> <span class='ocrx_word' id='word_1_341' title='bbox 840 4440 936 4504; x_wconf 90' lang='lat' dir='ltr'><strong>luerit,</strong></span> <span class='ocrx_word' id='word_1_342' title='bbox 968 4441 1089 4512; x_wconf 72' lang='lat' dir='ltr'><strong>eiusque</strong></span> <span class='ocrx_word' id='word_1_343' title='bbox 1111 4443 1191 4512; x_wconf 86' lang='lat' dir='ltr'><strong>praxi</strong></span> <span class='ocrx_word' id='word_1_344' title='bbox 1215 4441 1392 4508; x_wconf 89' lang='lat' dir='ltr'><strong>incubuerit,</strong></span> <span class='ocrx_word' id='word_1_345' title='bbox 1423 4441 1509 4511; x_wconf 86' lang='lat' dir='ltr'><strong>longe</strong></span> <span class='ocrx_word' id='word_1_346' title='bbox 1531 4443 1756 4498; x_wconf 79' lang='lat' dir='ltr'><strong>constantiorem</strong></span> <span class='ocrx_word' id='word_1_347' title='bbox 1786 4440 1816 4494; x_wconf 93' lang='lat' dir='ltr'><strong>iu</strong></span> <span class='ocrx_word' id='word_1_348' title='bbox 1838 4437 1965 4493; x_wconf 86' lang='lat' dir='ltr'><strong>veritatis</strong></span> <span class='ocrx_word' id='word_1_349' title='bbox 1993 4436 2107 4508; x_wconf 85' lang='lat' dir='ltr'><strong>proles-</strong></span> 
     </span>
     <span class='ocr_line' id='line_1_37' title="bbox 580 4519 2106 4596; baseline 0 -20"><span class='ocrx_word' id='word_1_350' title='bbox 580 4521 682 4586; x_wconf 89' lang='lat' dir='ltr'><strong>„sione</strong></span> <span class='ocrx_word' id='word_1_351' title='bbox 704 4521 830 4576; x_wconf 80' lang='lat' dir='ltr'><strong>futurum</strong></span> <span class='ocrx_word' id='word_1_352' title='bbox 853 4528 882 4578; x_wconf 88' lang='lat' dir='ltr'><strong>et</strong></span> <span class='ocrx_word' id='word_1_353' title='bbox 904 4523 1043 4582; x_wconf 88' lang='lat' dir='ltr'><strong>adversus</strong></span> <span class='ocrx_word' id='word_1_354' title='bbox 1065 4539 1168 4581; x_wconf 89' lang='lat' dir='ltr'><strong>omnes</strong></span> <span class='ocrx_word' id='word_1_355' title='bbox 1189 4541 1304 4582; x_wconf 85' lang='lat' dir='ltr'><strong>errores</strong></span> <span class='ocrx_word' id='word_1_356' title='bbox 1325 4528 1477 4592; x_wconf 83' lang='lat' dir='ltr'><strong>invictum,</strong></span> <span class='ocrx_word' id='word_1_357' title='bbox 1512 4541 1599 4596; x_wconf 89' lang='lat' dir='ltr'><strong>quam</strong></span> <span class='ocrx_word' id='word_1_358' title='bbox 1626 4527 1684 4582; x_wconf 85' lang='lat' dir='ltr'><strong>sint</strong></span> <span class='ocrx_word' id='word_1_359' title='bbox 1710 4539 1813 4580; x_wconf 88' lang='lat' dir='ltr'><strong>omnes</strong></span> <span class='ocrx_word' id='word_1_360' title='bbox 1834 4521 1984 4594; x_wconf 89' lang='lat' dir='ltr'><strong>polemicis</strong></span> <span class='ocrx_word' id='word_1_361' title='bbox 2005 4519 2106 4578; x_wconf 88' lang='lat' dir='ltr'><strong>studiis</strong></span> 
     </span>
     <span class='ocr_line' id='line_1_38' title="bbox 579 4601 2104 4684; baseline -0.012 -6.747"><span class='ocrx_word' id='word_1_362' title='bbox 579 4621 652 4676; x_wconf 77' lang='lat' dir='ltr'><strong>Per</strong></span> <span class='ocrx_word' id='word_1_363' title='bbox 674 4607 840 4662; x_wconf 85' lang='lat' dir='ltr'><strong>vicennium</strong></span> <span class='ocrx_word' id='word_1_364' title='bbox 858 4601 892 4662; x_wconf 79' lang='lat' dir='ltr'><strong>&#39;et</strong></span> <span class='ocrx_word' id='word_1_365' title='bbox 913 4611 1036 4680; x_wconf 83' lang='lat' dir='ltr'><strong>amplius</strong></span> <span class='ocrx_word' id='word_1_366' title='bbox 1057 4612 1233 4666; x_wconf 74' lang='lat' dir='ltr'><strong>exercitati.u</strong></span> <span class='ocrx_word' id='word_1_367' title='bbox 1263 4610 1303 4666; x_wconf 90' lang='lat' dir='ltr'><strong>lb.</strong></span> <span class='ocrx_word' id='word_1_368' title='bbox 1327 4613 1363 4667; x_wconf 93' lang='lat' dir='ltr'><strong>lll</strong></span> <span class='ocrx_word' id='word_1_369' title='bbox 1374 4628 1432 4684; x_wconf 89' lang='lat' dir='ltr'><strong>,.p</strong></span> <span class='ocrx_word' id='word_1_370' title='bbox 1454 4609 1547 4668; x_wconf 72' lang='lat' dir='ltr'><strong>ttsb</strong></span> <span class='ocrx_word' id='word_1_371' title='bbox 1572 4637 1611 4652; x_wconf 89' lang='lat'><strong>-·</strong></span> <span class='ocrx_word' id='word_1_372' title='bbox 1698 4603 1736 4684; x_wconf 88' lang='grc'><strong>111)</strong></span> <span class='ocrx_word' id='word_1_373' title='bbox 1759 4608 1811 4664; x_wconf 86' lang='lat' dir='ltr'><strong>Fr.</strong></span> <span class='ocrx_word' id='word_1_374' title='bbox 1834 4606 1966 4671; x_wconf 77' lang='lat' dir='ltr'><strong>Arndt,</strong></span> <span class='ocrx_word' id='word_1_375' title='bbox 1991 4606 2104 4678; x_wconf 77' lang='lat' dir='ltr'><strong>p..2l6</strong></span> 
     </span>
     <span class='ocr_line' id='line_1_39' title="bbox 581 4681 2101 4766; baseline -0.001 -21"><span class='ocrx_word' id='word_1_376' title='bbox 581 4681 715 4766; x_wconf 90' lang='lat' dir='ltr'><strong>(anctore</strong></span> <span class='ocrx_word' id='word_1_377' title='bbox 739 4691 878 4757; x_wconf 87' lang='lat' dir='ltr'><strong>Triuia,</strong></span> <span class='ocrx_word' id='word_1_378' title='bbox 902 4692 1074 4750; x_wconf 86' lang='lat' dir='ltr'><strong>Geschlchto</strong></span> <span class='ocrx_word' id='word_1_379' title='bbox 1089 4693 1534 4766; x_wconf 82' lang='lat' dir='ltr'><strong>hertthuttarGottasgelahrten.</strong></span> <span class='ocrx_word' id='word_1_380' title='bbox 1559 4695 1602 4759; x_wconf 95' lang='lat' dir='ltr'><strong>lll,</strong></span> <span class='ocrx_word' id='word_1_381' title='bbox 1625 4695 1749 4750; x_wconf 73' lang='lat' dir='ltr'><strong>Stitclrt.</strong></span> <span class='ocrx_word' id='word_1_382' title='bbox 1773 4693 1990 4765; x_wconf 31' lang='grc' dir='ltr'><strong>ρηιιι-ιιι</strong></span> <span class='ocrx_word' id='word_1_383' title='bbox 2013 4703 2101 4760; x_wconf 87' lang='lat' dir='ltr'><strong>quom</strong></span> 
     </span>
     <span class='ocr_line' id='line_1_40' title="bbox 581 4772 2101 4856; baseline -0.001 -27"><span class='ocrx_word' id='word_1_384' title='bbox 581 4773 684 4830; x_wconf 87' lang='lat' dir='ltr'><strong>tibrum</strong></span> <span class='ocrx_word' id='word_1_385' title='bbox 707 4777 737 4830; x_wconf 85' lang='grc' dir='ltr'><strong>ιιι</strong></span> <span class='ocrx_word' id='word_1_386' title='bbox 759 4775 933 4833; x_wconf 83' lang='lat' dir='ltr'><strong>bibliotheca</strong></span> <span class='ocrx_word' id='word_1_387' title='bbox 954 4784 1051 4834; x_wconf 84' lang='lat' dir='ltr'><strong>nostra</strong></span> <span class='ocrx_word' id='word_1_388' title='bbox 1074 4779 1177 4836; x_wconf 84' lang='lat' dir='ltr'><strong>trustra</strong></span> <span class='ocrx_word' id='word_1_389' title='bbox 1200 4774 1348 4854; x_wconf 64' lang='lat' dir='ltr'><strong>quaesivi.)</strong></span> <span class='ocrx_word' id='word_1_390' title='bbox 1372 4809 1410 4822; x_wconf 88' lang='lat'><strong>--</strong></span> <span class='ocrx_word' id='word_1_391' title='bbox 1502 4772 1541 4856; x_wconf 88' lang='grc'><strong>11)</strong></span> <span class='ocrx_word' id='word_1_392' title='bbox 1561 4779 1720 4852; x_wconf 86' lang='lat' dir='ltr'><strong>Speueri</strong></span> <span class='ocrx_word' id='word_1_393' title='bbox 1743 4793 1822 4834; x_wconf 89' lang='lat' dir='ltr'><strong>cous.</strong></span> <span class='ocrx_word' id='word_1_394' title='bbox 1846 4777 1931 4834; x_wconf 88' lang='lat' dir='ltr'><strong>theol.</strong></span> <span class='ocrx_word' id='word_1_395' title='bbox 1955 4774 2048 4838; x_wconf 81' lang='lat' dir='ltr'><strong>lati,</strong></span> <span class='ocrx_word' id='word_1_396' title='bbox 2071 4791 2101 4845; x_wconf 92' lang='lat' dir='ltr'><strong>p.</strong></span> 
     </span>
     <span class='ocr_line' id='line_1_41' title="bbox 582 4855 2099 4937; baseline 0 -23"><span class='ocrx_word' id='word_1_397' title='bbox 582 4859 674 4914; x_wconf 73' lang='lat' dir='ltr'><strong>tila.</strong></span> <span class='ocrx_word' id='word_1_398' title='bbox 699 4887 736 4909; x_wconf 67' lang='grc'><strong>,-</strong></span> <span class='ocrx_word' id='word_1_399' title='bbox 772 4899 774 4906; x_wconf 96' lang='grc'><strong>.</strong></span> <span class='ocrx_word' id='word_1_400' title='bbox 824 4855 862 4937; x_wconf 79' lang='lat'><strong>1²)</strong></span> <span class='ocrx_word' id='word_1_401' title='bbox 892 4861 1130 4930; x_wconf 86' lang='lat' dir='ltr'><strong>Schellhorn,</strong></span> <span class='ocrx_word' id='word_1_402' title='bbox 1159 4865 1259 4922; x_wconf 63' lang='lat' dir='ltr'><strong>llinor.</strong></span> <span class='ocrx_word' id='word_1_403' title='bbox 1289 4865 1442 4922; x_wconf 85' lang='lat' dir='ltr'><strong>Nachrlcht</strong></span> <span class='ocrx_word' id='word_1_404' title='bbox 1469 4879 1535 4920; x_wconf 89' lang='lat' dir='ltr'><strong>vom</strong></span> <span class='ocrx_word' id='word_1_405' title='bbox 1569 4863 1785 4937; x_wconf 81' lang='lat' dir='ltr'><strong>Ursprung..</strong></span> <span class='ocrx_word' id='word_1_406' title='bbox 1841 4866 1942 4917; x_wconf 83' lang='lat' dir='ltr'><strong>.der</strong></span> <span class='ocrx_word' id='word_1_407' title='bbox 1968 4859 2099 4930; x_wconf 81' lang='lat' dir='ltr'><strong>evangel.</strong></span> 
     </span>
    </p>
   </div>
   <div class='ocr_carea' id='block_1_4' title="bbox 0 0 2399 6084">
    <p class='ocr_par' dir='ltr' id='par_1_8' title="bbox 0 0 2399 6084">
     <span class='ocr_line' id='line_1_42' title="bbox 0 0 2399 6084; baseline 0 0"><span class='ocrx_word' id='word_1_408' title='bbox 0 0 2399 6084; x_wconf 95' lang='lat' dir='ltr'><strong> </strong></span> 
     </span>
    </p>
   </div>
  </div>
 </body>
</html>
