4874 6060
1345 647 1394 721 3²}

609 849 717 920 Denm
755 847 917 942 precandi
953 849 1084 924 ratione
1120 850 1288 924 substrata
1325 863 1388 926 est
1453 852 1580 924 Auctor
1617 851 1719 942 igitur
1749 861 1868 924 noster
1899 871 1976 922 enm
2002 859 2131 923 tantum

611 951 840 1045 precationem
876 969 936 1044 pro
975 972 1059 1024 vera
1092 950 1217 1035 babet,
1259 975 1349 1048 quae
1387 977 1434 1028 ex
1468 953 1534 1026 hoc
1566 953 1670 1026 animi
1699 950 1816 1024 habitu
1852 953 1923 1025 Dec
1958 954 2130 1027 olleratur.

609 1054 821 1145 Quamquam
842 1051 1005 1126 Arndtins
1030 1055 1204 1148 quamde
1230 1059 1427 1150 precatione
1449 1057 1655 1149 loqueretur,
1682 1055 1839 1146 Weigelii
1864 1056 2051 1128 sententias
2078 1077 2132 1128 se·

610 1165 709 1228 cutus
744 1177 823 1228 esse
862 1155 1014 1237 videtur,
1048 1167 1179 1238 tamen,
1218 1161 1375 1251 quamvis
1410 1158 1587 1250 utriusque
1623 1157 1812 1229 sententiae
1849 1157 1957 1251 primu
1991 1168 2131 1251 aspectu

611 1278 721 1353 paene
755 1257 900 1330 eaedem
932 1258 1114 1330 videantur
1144 1279 1244 1341 ease,
1274 1261 1344 1351 jam
1378 1260 1612 1341 fundamenta,
1644 1281 1691 1332 ex
1726 1258 1851 1350 quibus
1876 1269 2130 1354 processerunt,

608 1359 711 1453 plane
737 1370 817 1433 sunt
838 1359 1083 1434 diversissima.
1134 1360 1284 1454 Uterque
1311 1363 1346 1434 in
1372 1361 1545 1457 precando
1569 1362 1724 1458 spiritum
1751 1371 1905 1433 sanctum
1932 1361 1967 1431 in
1993 1358 2132 1432 homine

612 1461 686 1555 ipso
711 1462 804 1555 loqui
830 1462 986 1556 putabat;
1012 1483 1114 1556 quam
1140 1463 1278 1555 quidem
1305 1465 1501 1559 opinionem
1526 1464 1666 1536 minime
1691 1463 1933 1556 aspernabere,
1960 1463 1989 1535 si
2015 1464 2059 1534 ita
2081 1463 2131 1532 in·

612 1563 762 1655 telliges,
794 1573 831 1636 nt
854 1563 995 1659 spiritus
1023 1576 1161 1636 sanctus
1184 1588 1254 1636 non
1278 1587 1323 1636 ex
1349 1565 1508 1661 peculiari
1536 1565 1747 1638 revelatione
1769 1565 1831 1636 Dei
1858 1565 1891 1636 in
1919 1563 2058 1636 homine
2083 1564 2132 1636 lo·

612 1677 748 1758 quatur,
776 1665 839 1740 sed
864 1687 884 1736 a
910 1663 979 1739 fide
1003 1677 1040 1738 et
1064 1685 1160 1738 sacra
1188 1659 1353 1761 scriptura
1375 1665 1616 1763 proficiscatur.
1669 1666 1855 1756 Weigelius
1880 1678 1995 1738 antem
2018 1667 2133 1756 singn-

614 1769 742 1842 laribus
767 1767 1034 1840 revelationibus
1055 1767 1182 1840 divinis
1202 1769 1410 1861 glomabatur
1427 1766 1492 1857 ⁶⁰).
1542 1769 1641 1865 Apud
1667 1767 1846 1839 Amdtium
1873 1779 1944 1840 tres
1970 1767 2133 1862 precandi

613 1871 741 1964 gradus
769 1872 814 1941 ita
841 1880 921 1942 sunt
936 1868 1157 1962 intelligendi,
1178 1881 1221 1940 *nt
1248 1872 1333 1943 varii
1361 1871 1548 1945 doctrinam
1574 1871 1792 1944 christianam
1813 1869 2046 1963 cognoscendi
2067 1881 2133 1942 stu·

614 1986 669 2044 tus
695 1973 937 2066 significentur,
963 1972 1056 2063 qnod
1082 1972 1185 2044 etiam
1210 1973 1393 2066 Weigeliue
1420 1973 1612 2060 contendit;
1636 1973 1701 2045 sed
1725 1971 1900 2053 Arndtins,
1923 1971 2017 2064 qnod
2044 1971 2133 2044 Wei-

614 2075 724 2167 gelius
748 2074 874 2154 docuit,
902 2074 1016 2144 nullo
1038 2075 1131 2146 loeo
1157 2073 1263 2157 dixit,
1294 2075 1468 2148 hominem
1499 2075 1542 2147 ad
1569 2097 1739 2148 summum
1764 2074 1968 2169 precationis
1990 2073 2133 2166 gradum

615 2178 776 2272 peculiari
803 2186 931 2248 tantum
949 2176 1012 2246 Dei
1038 2177 1247 2250 revelatione
1274 2200 1377 2272 posse
1398 2177 1600 2250 ascendere.
1652 2179 1687 2248 Si
1704 2175 1768 2248 huc
1785 2176 1889 2248 modo
1902 2177 2133 2270 precationem

614 2279 899 2374 contemplamur,
925 2277 1039 2352 animo
1064 2287 1183 2350 nostru
1207 2279 1436 2352 obversantur
1457 2301 1602 2353 arcanae
1629 2281 1706 2352 illae
1731 2289 1801 2350 tres
1825 2280 1902 2350 viae
1926 2277 1972 2350 ad
1991 2278 2054 2350 Dei
2080 2300 2133 2350 sa·

614 2382 775 2477 pientiam
801 2379 985 2460 ducentes,
1011 2400 1097 2472 quas
1119 2381 1254 2474 mystici
1280 2393 1418 2454 veteres
1439 2383 1647 2462 docuerunt,
1683 2382 1774 2452 viam
1800 2380 2027 2475 purgationis,
2060 2381 2133 2453 illu·

614 2483 818 2564 minationis,
845 2481 1093 2556 communionis
1109 2481 1174 2570 ⁶¹).
1226 2483 1363 2556 Praeter
1385 2485 1470 2557 alius
1493 2485 1588 2557 locos
1613 2483 1751 2556 dnobus
1776 2484 1926 2556 maxime
1948 2482 2134 2556 edocemur

614 2584 662 2657 de
685 2585 875 2667 serenatis,
903 2604 989 2677 quas
1015 2584 1090 2680 ipse
1115 2584 1161 2657 de
1185 2587 1380 2679 precatione
1401 2587 1543 2671 loverit3
1582 2588 1616 2657 in
1643 2587 1756 2682 priore
1782 2584 1917 2658 disserit
1941 2583 1987 2657 de
2011 2585 2134 2681 triplici

614 2709 743 2780 genere
763 2687 935 2784 precandi,
961 2685 1008 2757 de
1027 2688 1123 2769 urali,
1149 2688 1296 2770 interno,
1324 2689 1590 2782 snpematurali3
1618 2689 1651 2758 in
1674 2687 1863 2783 posteriore
1888 2685 2040 2779 quinque
2057 2710 2133 2782 pre·

613 2790 757 2863 cationis
770 2787 897 2882 gradus
912 2801 1153 2862 commemorat
1167 2785 1236 2880 ⁶²),
1262 2811 1405 2883 quorum
1429 2792 1583 2884 quintum
1608 2812 1717 2882 genus
1735 2789 1991 2883 sopematurale
2017 2789 2133 2882 acqui-

615 2903 725 2989 parat:
754 2943 892 2975 ....
894 2901 996 2983 atque
1024 2913 1084 2987 per
1110 2891 1198 2965 hanc
1224 2893 1390 2964 internam
1414 2894 1603 2964 orationem
1628 2892 1830 2964 deducimur
1863 2890 1907 2963 ad
1933 2901 2135 2984 supernatu-

615 2997 739 3075 ralem,
767 2994 924 3090 quaesit,
947 2993 1091 3066 Taulero
1114 3004 1212 3076 teste,
1237 3016 1301 3089 per
1324 3014 1443 3065 veram
1469 2995 1630 3066 unionem
1656 3015 1733 3066 cnm
1747 2993 1837 3079 Deo;
1860 2992 1997 3086 qnando
2017 3003 2134 3064 noster

615 3098 753 3192 spiritns
784 3107 917 3168 creatus
946 3095 1156 3187 colliquescit
1182 3107 1216 3168 et
1241 3095 1469 3188 submergitur
1496 3098 1530 3166 in
1556 3097 1675 3192 spiritu
1701 3096 1763 3168 Dei
1796 3097 1946 3169 increato
1959 3091 2045 3189 ⁶³l.“
2098 3095 2133 3166 Si

615 3199 716 3290 igitur
741 3197 904 3271 Arndtins
937 3198 1072 3270 tertium
1098 3208 1133 3269 et
1158 3199 1443 3293 perfectissimum
1469 3199 1632 3270 orationis
1654 3199 1796 3290 madum
1827 3199 1872 3270 ita
1898 3198 2133 3278 intellexisset,

617 3313 652 3372 ut
676 3301 810 3372 animus
839 3311 958 3373 noster
978 3321 1057 3372 cum
1083 3301 1155 3371 Deo
1181 3300 1455 3392 conjungeretur,
1484 3321 1551 3392 qna
1577 3322 1615 3372 re
1639 3301 1749 3372 inllei
1776 3311 1931 3372 naturam
1957 3311 1991 3372 et
2016 3319 2134 3372 essen·

615 3404 697 3473 tiam
730 3403 1024 3495 transgrederetur
1048 3411 1083 3474 et
1108 3401 1376 3484 dissolveretur,
1412 3404 1494 3494 quin
1521 3403 1588 3473 imo
1621 3403 1656 3473 in
1682 3403 1755 3474 Dec
1781 3401 1989 3496 liquefieret,
2027 3403 2071 3474 ita
2097 3410 2134 3472 nt

614 3505 719 3575 animi
743 3507 850 3577 nostri
877 3525 1023 3602 persona
1048 3505 1202 3576 interiret
1226 3514 1315 3589 tuta;
1352 3505 1518 3578 sententia
1545 3505 1620 3596 ejus
1646 3527 1785 3600 prorsus
1811 3515 1903 3576 esset
1929 3502 2133 3599 respuenda,

614 3628 705 3699 qnae
729 3606 774 3678 ad
800 3607 932 3680 somnia
957 3607 1100 3678 fanatica
1127 3616 1161 3678 et
1187 3606 1325 3698 quidem
1352 3607 1610 3691 Quietistarum,
1634 3629 1722 3699 quus
1748 3617 1892 3688 vocant,
1920 3606 2133 3701 perduceret.

615 3709 682 3782 Sed
709 3709 815 3782 verba
843 3709 1004 3805 „spiritns
1026 3719 1144 3780 noster
1168 3707 1377 3800 colliquescit
1406 3709 1438 3778 in
1461 3710 1523 3780 Dei
1548 3710 1690 3803 spiritu⁴‘
1717 3707 1783 3780 hcc
1809 3730 1877 3780 nno
1905 3718 2033 3779 tantum
2059 3708 2136 3780 locu

615 3811 822 3904 ecquidem
849 3832 952 3884 sensu
981 3811 1215 3890 inveniuntur,
1241 3821 1343 3903 atque
1369 3833 1415 3882 ex
1439 3811 1571 3883 Tauleri
1602 3811 1738 3905 scriptis
1762 3810 1942 3904 desumpta
1969 3819 2064 3893 snut;
2100 3809 2134 3879 in

615 3914 689 3984 aliis
711 3914 812 3994 lucis,
848 3913 904 3984 ubi
925 3912 969 3986 de
992 3913 1120 3984 unione
1145 3912 1248 3982 animi
1273 3913 1379 3984 nostri
1406 3935 1482 3984 curn
1508 3913 1582 3985 Deo
1608 3913 1766 3992 disserit,
1801 3933 1870 3981 non
1897 3910 1941 3982 de
1968 3933 2010 3982 eo
2025 3911 2133 4003 loqui·

615 4027 669 4086 tur
692 4016 845 4110 scriptor,
871 4013 964 4110 quud
989 4035 1134 4110 persona
1161 4014 1264 4084 animi
1289 4012 1426 4085 hnmani
1453 4017 1612 4106 intereat3
1639 4022 1845 4108 quapropter
1871 4035 1940 4084 nun
1966 4009 2134 4085 habemus

615 4137 769 4190 caussam
797 4115 975 4190 tlrndtinm
1000 4139 1154 4190 errorum
1181 4115 1402 4188 fanaticorum
1428 4116 1647 4198 criminandi,
1683 4134 1889 4208 quamquam
1914 4114 2134 4187 concedimus

616 4222 649 4290 in
677 4239 799 4310 magno
834 4243 912 4292 enm
947 4219 1100 4315 paericula
1131 4229 1306 4292 versatum
1331 4240 1428 4299 esse,
1471 4229 1509 4292 ut
1541 4219 1575 4288 in
1597 4215 1765 4308 ejusmodi
1797 4239 1933 4288 errores
1959 4217 2134 4290 incideret

615 4321 681 4418 lpsi
708 4319 793 4392 hacc
815 4321 984 4412 cogitandi
1011 4321 1098 4392 ratio
1122 4341 1189 4390 nun
1216 4320 1297 4392 satis
1325 4321 1501 4416 perspicua
1526 4321 1634 4392 fnisse
1645 4319 1792 4400 videtur,
1818 4341 1923 4412 quum
1939 4318 1984 4392 de
2002 4320 2136 4390 interna

615 4424 770 4496 oratione
796 4423 914 4494 verbis
948 4433 1016 4493 tam
1044 4421 1282 4495 communibus
1305 4431 1434 4504 utatur,
1470 4443 1560 4516 quae
1584 4421 1628 4494 ad
1655 4422 1768 4492 omnia
1803 4422 1865 4493 tria
1890 4420 2052 4514 precandi
2076 4441 2135 4510 ge·

615 4547 696 4598 nera
726 4522 881 4595 adhiberi
909 4524 1049 4620 possint.
1102 4521 1215 4594 Multis
1249 4524 1333 4595 locis
1360 4526 1504 4622 scriptor
1539 4526 1627 4595 inter
1652 4523 1738 4594 duas
1773 4534 1901 4594 tantum
1932 4521 2135 4618 precationis

697 4743 738 4824 ὅθ)
761 4698 1001 4819 Hasscubach,
1024 4747 1130 4804 Vcrles.
1151 4748 1195 4804 lll.
1215 4749 1326 4817 pall.
1350 4777 1388 4790 -
1439 4743 1479 4824 ⁶¹)
1503 4747 1601 4804 Gottlr.
1621 4745 1774 4814 Arncld,
1792 4748 1911 4804 llistcrlc
1927 4763 1954 4802 u.
1968 4744 2133 4802 Bescbreib.

615 4834 641 4890 d.
658 4843 740 4907 myst
756 4834 918 4906 Theolegie.
933 4851 961 4906 p
978 4836 1044 4926 lla.
1070 4861 1106 4874 -
1150 4826 1200 4908 ¹⁶²)
1223 4831 1339 4904 Pnrodg.
1353 4835 1442 4905 prael.
1462 4852 1490 4906 p.
1505 4835 1574 4898 558.
1598 4861 1635 4875 ·-
1681 4826 1722 4909 ⁶³)
1744 4833 1776 4888 ll.
1792 4848 1817 4888 c.
1832 4834 1880 4890 Ἀθ.
1904 4847 1932 4906 p.
1948 4831 2013 4886 l85.
