<?xml version="1.0" encoding="UTF-8"?>
<!DOCTYPE html PUBLIC "-//W3C//DTD XHTML 1.0 Transitional//EN"
    "http://www.w3.org/TR/xhtml1/DTD/xhtml1-transitional.dtd">
<html xmlns="http://www.w3.org/1999/xhtml" xml:lang="en" lang="en">
 <head>
  <title>
</title>
<meta http-equiv="Content-Type" content="text/html;charset=utf-8" />
  <meta name='ocr-system' content='tesseract 3.04.00' />
  <meta name='ocr-capabilities' content='ocr_page ocr_carea ocr_par ocr_line ocrx_word'/>
</head>
<body>
  <div class='ocr_page' id='page_1' title='image "./dejohannearndti00pertgoog_0015.png"; bbox 0 0 4874 6060; ppageno 0'>
   <div class='ocr_carea' id='block_1_1' title="bbox 659 1520 1471 1795">
    <p class='ocr_par' dir='ltr' id='par_1_1' title="bbox 659 1520 1471 1795">
     <span class='ocr_line' id='line_1_1' title="bbox 781 1520 1358 1608; baseline 0 -3"><span class='ocrx_word' id='word_1_1' title='bbox 781 1520 1019 1606; x_wconf 73' lang='lat' dir='ltr'>CAPUT</span> <span class='ocrx_word' id='word_1_2' title='bbox 1044 1522 1358 1608; x_wconf 78' lang='lat' dir='ltr'>Pnlnluul.</span> 
     </span>
     <span class='ocr_line' id='line_1_2' title="bbox 659 1719 1471 1795; baseline -0.002 -3"><span class='ocrx_word' id='word_1_3' title='bbox 659 1721 724 1793; x_wconf 84' lang='lat' dir='ltr'>DE</span> <span class='ocrx_word' id='word_1_4' title='bbox 752 1721 963 1794; x_wconf 69' lang='lat' dir='ltr'>uuonan</span> <span class='ocrx_word' id='word_1_5' title='bbox 988 1721 1115 1794; x_wconf 75' lang='lat' dir='ltr'>vm</span> <span class='ocrx_word' id='word_1_6' title='bbox 1146 1723 1209 1794; x_wconf 81' lang='grc' dir='ltr'>ΕΤ</span> <span class='ocrx_word' id='word_1_7' title='bbox 1236 1719 1471 1795; x_wconf 70' lang='lat' dir='ltr'>scurrus,</span> 
     </span>
    </p>
   </div>
   <div class='ocr_carea' id='block_1_2' title="bbox 949 1898 1193 1908">
    <p class='ocr_par' dir='ltr' id='par_1_2' title="bbox 949 1898 1193 1908">
     <span class='ocr_line' id='line_1_3' title="bbox 949 1898 1193 1908; baseline 0.008 -2"><span class='ocrx_word' id='word_1_8' title='bbox 949 1898 1193 1908; x_wconf 77' lang='lat'><strong>-————·-——</strong></span> 
     </span>
    </p>
   </div>
   <div class='ocr_carea' id='block_1_3' title="bbox 442 2051 1694 2128">
    <p class='ocr_par' dir='ltr' id='par_1_3' title="bbox 442 2051 1694 2128">
     <span class='ocr_line' id='line_1_4' title="bbox 442 2051 1694 2128; baseline 0 -20"><span class='ocrx_word' id='word_1_9' title='bbox 442 2053 467 2127; x_wconf 68' lang='lat' dir='ltr'>g.</span> <span class='ocrx_word' id='word_1_10' title='bbox 495 2058 526 2108; x_wconf 88' lang='lat' dir='ltr'>t..</span> <span class='ocrx_word' id='word_1_11' title='bbox 564 2055 606 2110; x_wconf 86' lang='lat' dir='ltr'>De</span> <span class='ocrx_word' id='word_1_12' title='bbox 628 2057 702 2109; x_wconf 82' lang='lat' dir='ltr'>statu</span> <span class='ocrx_word' id='word_1_13' title='bbox 724 2055 864 2112; x_wconf 86' lang='lat' dir='ltr'>ecclesiae</span> <span class='ocrx_word' id='word_1_14' title='bbox 886 2055 1069 2113; x_wconf 84' lang='lat' dir='ltr'>Lutheranae</span> <span class='ocrx_word' id='word_1_15' title='bbox 1092 2055 1154 2128; x_wconf 85' lang='lat' dir='ltr'>ejus</span> <span class='ocrx_word' id='word_1_16' title='bbox 1176 2057 1292 2121; x_wconf 84' lang='lat' dir='ltr'>aetatis,</span> <span class='ocrx_word' id='word_1_17' title='bbox 1324 2055 1354 2110; x_wconf 91' lang='lat' dir='ltr'>in</span> <span class='ocrx_word' id='word_1_18' title='bbox 1378 2069 1434 2126; x_wconf 80' lang='lat' dir='ltr'>qua</span> <span class='ocrx_word' id='word_1_19' title='bbox 1458 2051 1596 2110; x_wconf 72' lang='lat' dir='ltr'>Arndtius</span> <span class='ocrx_word' id='word_1_20' title='bbox 1619 2055 1694 2109; x_wconf 83' lang='lat' dir='ltr'>vixit.</span> 
     </span>
    </p>
   </div>
   <div class='ocr_carea' id='block_1_4' title="bbox 305 2169 1834 4444">
    <p class='ocr_par' dir='ltr' id='par_1_4' title="bbox 305 2169 1833 3118">
     <span class='ocr_line' id='line_1_5' title="bbox 379 2169 1831 2301; baseline -0.001 -25"><span class='ocrx_word' id='word_1_21' title='bbox 379 2169 513 2296; x_wconf 77' lang='lat' dir='ltr'>Quum</span> <span class='ocrx_word' id='word_1_22' title='bbox 547 2207 728 2298; x_wconf 79' lang='lat' dir='ltr'>imaginem</span> <span class='ocrx_word' id='word_1_23' title='bbox 757 2206 1013 2298; x_wconf 88' lang='lat' dir='ltr'>quodammodo</span> <span class='ocrx_word' id='word_1_24' title='bbox 1044 2228 1246 2301; x_wconf 82' lang='lat' dir='ltr'><strong>expressam</strong></span> <span class='ocrx_word' id='word_1_25' title='bbox 1278 2217 1385 2278; x_wconf 84' lang='lat' dir='ltr'>status</span> <span class='ocrx_word' id='word_1_26' title='bbox 1421 2207 1588 2278; x_wconf 84' lang='lat' dir='ltr'>ecclesiae</span> <span class='ocrx_word' id='word_1_27' title='bbox 1620 2203 1831 2276; x_wconf 88' lang='lat' dir='ltr'>Lutheranae</span> 
     </span>
     <span class='ocr_line' id='line_1_6' title="bbox 307 2306 1832 2403; baseline 0.001 -27"><span class='ocrx_word' id='word_1_28' title='bbox 307 2306 434 2380; x_wconf 82' lang='lat' dir='ltr'>bubum</span> <span class='ocrx_word' id='word_1_29' title='bbox 461 2310 620 2380; x_wconf 92' lang='lat' dir='ltr'>volumus</span> <span class='ocrx_word' id='word_1_30' title='bbox 647 2307 812 2403; x_wconf 83' lang='lat' dir='ltr'>imprimis</span> <span class='ocrx_word' id='word_1_31' title='bbox 838 2309 914 2399; x_wconf 87' lang='lat' dir='ltr'>ejus</span> <span class='ocrx_word' id='word_1_32' title='bbox 938 2311 1080 2389; x_wconf 68' lang='lat' dir='ltr'>acutis,</span> <span class='ocrx_word' id='word_1_33' title='bbox 1121 2310 1156 2380; x_wconf 95' lang='lat' dir='ltr'>in</span> <span class='ocrx_word' id='word_1_34' title='bbox 1182 2329 1249 2401; x_wconf 86' lang='lat' dir='ltr'>qua</span> <span class='ocrx_word' id='word_1_35' title='bbox 1272 2308 1435 2380; x_wconf 82' lang='lat' dir='ltr'>Arndtius</span> <span class='ocrx_word' id='word_1_36' title='bbox 1459 2329 1621 2399; x_wconf 85' lang='lat' dir='ltr'>magnum</span> <span class='ocrx_word' id='word_1_37' title='bbox 1648 2307 1715 2379; x_wconf 88' lang='lat' dir='ltr'>sibi</span> <span class='ocrx_word' id='word_1_38' title='bbox 1740 2329 1832 2378; x_wconf 88' lang='lat' dir='ltr'>com-</span> 
     </span>
     <span class='ocr_line' id='line_1_7' title="bbox 305 2409 1832 2506; baseline 0 -26"><span class='ocrx_word' id='word_1_39' title='bbox 305 2411 437 2506; x_wconf 80' lang='lat' dir='ltr'>parauit</span> <span class='ocrx_word' id='word_1_40' title='bbox 463 2421 691 2491; x_wconf 88' lang='lat' dir='ltr'>momontum,</span> <span class='ocrx_word' id='word_1_41' title='bbox 729 2433 797 2482; x_wconf 91' lang='lat' dir='ltr'>nou</span> <span class='ocrx_word' id='word_1_42' title='bbox 827 2411 937 2482; x_wconf 91' lang='lat' dir='ltr'>solum</span> <span class='ocrx_word' id='word_1_43' title='bbox 966 2412 1009 2483; x_wconf 82' lang='lat' dir='ltr'>au</span> <span class='ocrx_word' id='word_1_44' title='bbox 1042 2409 1267 2504; x_wconf 77' lang='lat' dir='ltr'>theologiam,</span> <span class='ocrx_word' id='word_1_45' title='bbox 1308 2411 1444 2503; x_wconf 85' lang='lat' dir='ltr'>qualum</span> <span class='ocrx_word' id='word_1_46' title='bbox 1474 2410 1565 2505; x_wconf 86' lang='lat' dir='ltr'>apud</span> <span class='ocrx_word' id='word_1_47' title='bbox 1592 2411 1685 2482; x_wconf 91' lang='lat' dir='ltr'>viros</span> <span class='ocrx_word' id='word_1_48' title='bbox 1711 2409 1832 2481; x_wconf 88' lang='lat' dir='ltr'>doctos</span> 
     </span>
     <span class='ocr_line' id='line_1_8' title="bbox 306 2512 1831 2595; baseline -0.002 -11"><span class='ocrx_word' id='word_1_49' title='bbox 306 2513 519 2594; x_wconf 82' lang='lat' dir='ltr'>invenimus,</span> <span class='ocrx_word' id='word_1_50' title='bbox 558 2512 660 2584; x_wconf 90' lang='lat' dir='ltr'>nobis</span> <span class='ocrx_word' id='word_1_51' title='bbox 687 2514 751 2584; x_wconf 91' lang='lat' dir='ltr'>erit</span> <span class='ocrx_word' id='word_1_52' title='bbox 779 2513 1140 2595; x_wconf 87' lang='lat' dir='ltr'>animadvertendum,</span> <span class='ocrx_word' id='word_1_53' title='bbox 1181 2535 1302 2584; x_wconf 91' lang='lat' dir='ltr'>verum</span> <span class='ocrx_word' id='word_1_54' title='bbox 1335 2513 1437 2584; x_wconf 88' lang='lat' dir='ltr'>etiam</span> <span class='ocrx_word' id='word_1_55' title='bbox 1470 2513 1575 2584; x_wconf 86' lang='lat' dir='ltr'>vitam</span> <span class='ocrx_word' id='word_1_56' title='bbox 1610 2512 1831 2586; x_wconf 88' lang='lat' dir='ltr'>considerare</span> 
     </span>
     <span class='ocr_line' id='line_1_9' title="bbox 305 2614 1833 2711; baseline -0.001 -25"><span class='ocrx_word' id='word_1_57' title='bbox 305 2614 474 2686; x_wconf 88' lang='lat' dir='ltr'>debemus</span> <span class='ocrx_word' id='word_1_58' title='bbox 505 2615 772 2686; x_wconf 85' lang='lat' dir='ltr'>ecclesiasticam</span> <span class='ocrx_word' id='word_1_59' title='bbox 807 2615 895 2686; x_wconf 88' lang='lat' dir='ltr'>illius</span> <span class='ocrx_word' id='word_1_60' title='bbox 928 2616 1111 2711; x_wconf 89' lang='lat' dir='ltr'>temporis,</span> <span class='ocrx_word' id='word_1_61' title='bbox 1146 2615 1240 2708; x_wconf 90' lang='lat' dir='ltr'>quod</span> <span class='ocrx_word' id='word_1_62' title='bbox 1275 2617 1307 2686; x_wconf 94' lang='lat' dir='ltr'>in</span> <span class='ocrx_word' id='word_1_63' title='bbox 1337 2617 1559 2706; x_wconf 86' lang='lat' dir='ltr'>quaestione,</span> <span class='ocrx_word' id='word_1_64' title='bbox 1598 2637 1698 2707; x_wconf 91' lang='lat' dir='ltr'>quum</span> <span class='ocrx_word' id='word_1_65' title='bbox 1733 2615 1833 2685; x_wconf 91' lang='lat' dir='ltr'>nobis</span> 
     </span>
     <span class='ocr_line' id='line_1_10' title="bbox 306 2715 1833 2812; baseline -0.001 -24"><span class='ocrx_word' id='word_1_66' title='bbox 306 2717 566 2812; x_wconf 86' lang='lat' dir='ltr'>proposuimus,</span> <span class='ocrx_word' id='word_1_67' title='bbox 604 2717 779 2788; x_wconf 76' lang='lat' dir='ltr'>tructautla</span> <span class='ocrx_word' id='word_1_68' title='bbox 806 2719 1008 2808; x_wconf 83' lang='lat' dir='ltr'>gravissimo</span> <span class='ocrx_word' id='word_1_69' title='bbox 1035 2728 1089 2790; x_wconf 90' lang='lat' dir='ltr'>est</span> <span class='ocrx_word' id='word_1_70' title='bbox 1113 2717 1277 2812; x_wconf 87' lang='lat' dir='ltr'>pondere.</span> <span class='ocrx_word' id='word_1_71' title='bbox 1331 2717 1445 2809; x_wconf 88' lang='lat' dir='ltr'>lmago</span> <span class='ocrx_word' id='word_1_72' title='bbox 1472 2717 1634 2810; x_wconf 90' lang='lat' dir='ltr'>quidem,</span> <span class='ocrx_word' id='word_1_73' title='bbox 1671 2737 1761 2809; x_wconf 86' lang='lat' dir='ltr'>quae</span> <span class='ocrx_word' id='word_1_74' title='bbox 1786 2715 1833 2787; x_wconf 93' lang='lat' dir='ltr'>ob</span> 
     </span>
     <span class='ocr_line' id='line_1_11' title="bbox 305 2819 1832 2914; baseline -0.001 -24"><span class='ocrx_word' id='word_1_75' title='bbox 305 2819 424 2890; x_wconf 88' lang='lat' dir='ltr'>oculos</span> <span class='ocrx_word' id='word_1_76' title='bbox 451 2827 588 2890; x_wconf 77' lang='lat' dir='ltr'>nostrum</span> <span class='ocrx_word' id='word_1_77' title='bbox 615 2820 769 2913; x_wconf 89' lang='lat' dir='ltr'>ponitur,</span> <span class='ocrx_word' id='word_1_78' title='bbox 796 2821 947 2890; x_wconf 85' lang='lat' dir='ltr'>animum</span> <span class='ocrx_word' id='word_1_79' title='bbox 970 2819 1111 2891; x_wconf 92' lang='lat' dir='ltr'>omnino</span> <span class='ocrx_word' id='word_1_80' title='bbox 1134 2841 1203 2890; x_wconf 90' lang='lat' dir='ltr'>non</span> <span class='ocrx_word' id='word_1_81' title='bbox 1229 2819 1397 2903; x_wconf 85' lang='lat' dir='ltr'>delectat;</span> <span class='ocrx_word' id='word_1_82' title='bbox 1427 2839 1493 2912; x_wconf 91' lang='lat' dir='ltr'>qua</span> <span class='ocrx_word' id='word_1_83' title='bbox 1521 2829 1633 2890; x_wconf 91' lang='lat' dir='ltr'>tamen</span> <span class='ocrx_word' id='word_1_84' title='bbox 1662 2841 1700 2891; x_wconf 91' lang='lat' dir='ltr'>re</span> <span class='ocrx_word' id='word_1_85' title='bbox 1726 2820 1832 2914; x_wconf 88' lang='lat' dir='ltr'>impe-</span> 
     </span>
     <span class='ocr_line' id='line_1_12' title="bbox 305 2919 1833 3017; baseline -0.003 -22"><span class='ocrx_word' id='word_1_86' title='bbox 305 2921 370 2996; x_wconf 88' lang='lat' dir='ltr'>diri</span> <span class='ocrx_word' id='word_1_87' title='bbox 403 2941 472 2992; x_wconf 93' lang='lat' dir='ltr'>non</span> <span class='ocrx_word' id='word_1_88' title='bbox 502 2920 692 3002; x_wconf 88' lang='lat' dir='ltr'>debemus,</span> <span class='ocrx_word' id='word_1_89' title='bbox 728 2923 914 3014; x_wconf 88' lang='lat' dir='ltr'>quominus</span> <span class='ocrx_word' id='word_1_90' title='bbox 948 2922 1088 3017; x_wconf 87' lang='lat' dir='ltr'>propius</span> <span class='ocrx_word' id='word_1_91' title='bbox 1120 2919 1326 2994; x_wconf 87' lang='lat' dir='ltr'>accedamus</span> <span class='ocrx_word' id='word_1_92' title='bbox 1354 2921 1399 2993; x_wconf 89' lang='lat' dir='ltr'>ad</span> <span class='ocrx_word' id='word_1_93' title='bbox 1429 2941 1594 3003; x_wconf 82' lang='lat' dir='ltr'>caussas,</span> <span class='ocrx_word' id='word_1_94' title='bbox 1635 2921 1833 3014; x_wconf 82' lang='lat' dir='ltr'>exquibus</span> 
     </span>
     <span class='ocr_line' id='line_1_13' title="bbox 306 3021 1085 3118; baseline -0.001 -24"><span class='ocrx_word' id='word_1_95' title='bbox 306 3025 362 3096; x_wconf 92' lang='lat' dir='ltr'>ille</span> <span class='ocrx_word' id='word_1_96' title='bbox 388 3023 556 3096; x_wconf 84' lang='lat' dir='ltr'>ecclesiae</span> <span class='ocrx_word' id='word_1_97' title='bbox 581 3021 792 3098; x_wconf 81' lang='lat' dir='ltr'>lutheranae</span> <span class='ocrx_word' id='word_1_98' title='bbox 819 3035 926 3096; x_wconf 87' lang='lat' dir='ltr'>status</span> <span class='ocrx_word' id='word_1_99' title='bbox 952 3024 1085 3118; x_wconf 89' lang='lat' dir='ltr'>prodiit.</span> 
     </span>
    </p>

    <p class='ocr_par' dir='ltr' id='par_1_5' title="bbox 305 3123 1834 4444">
     <span class='ocr_line' id='line_1_14' title="bbox 406 3123 1832 3221; baseline 0 -27"><span class='ocrx_word' id='word_1_100' title='bbox 406 3125 612 3197; x_wconf 87' lang='lat' dir='ltr'>Relormatio</span> <span class='ocrx_word' id='word_1_101' title='bbox 636 3125 802 3198; x_wconf 79' lang='lat' dir='ltr'>ecclcsiae</span> <span class='ocrx_word' id='word_1_102' title='bbox 823 3147 870 3197; x_wconf 84' lang='lat' dir='ltr'>eu</span> <span class='ocrx_word' id='word_1_103' title='bbox 892 3126 1019 3221; x_wconf 90' lang='lat' dir='ltr'>triplici·</span> <span class='ocrx_word' id='word_1_104' title='bbox 1037 3126 1131 3198; x_wconf 85' lang='lat' dir='ltr'>fonte</span> <span class='ocrx_word' id='word_1_105' title='bbox 1154 3126 1305 3220; x_wconf 87' lang='lat' dir='ltr'>profecta</span> <span class='ocrx_word' id='word_1_106' title='bbox 1327 3136 1390 3197; x_wconf 87' lang='lat' dir='ltr'>est</span> <span class='ocrx_word' id='word_1_107' title='bbox 1436 3125 1520 3196; x_wconf 84' lang='lat' dir='ltr'>Prae</span> <span class='ocrx_word' id='word_1_108' title='bbox 1544 3124 1704 3196; x_wconf 90' lang='lat' dir='ltr'>omnibus</span> <span class='ocrx_word' id='word_1_109' title='bbox 1726 3123 1832 3195; x_wconf 82' lang='lat' dir='ltr'>reior-</span> 
     </span>
     <span class='ocr_line' id='line_1_15' title="bbox 305 3223 1832 3322; baseline 0 -24"><span class='ocrx_word' id='word_1_110' title='bbox 305 3237 455 3299; x_wconf 85' lang='lat' dir='ltr'>mutores</span> <span class='ocrx_word' id='word_1_111' title='bbox 475 3228 618 3319; x_wconf 87' lang='lat' dir='ltr'>singulis</span> <span class='ocrx_word' id='word_1_112' title='bbox 638 3225 798 3300; x_wconf 85' lang='lat' dir='ltr'>fidelibus</span> <span class='ocrx_word' id='word_1_113' title='bbox 818 3230 959 3300; x_wconf 88' lang='lat' dir='ltr'>salntem</span> <span class='ocrx_word' id='word_1_114' title='bbox 982 3239 1110 3300; x_wconf 89' lang='lat' dir='ltr'>certam</span> <span class='ocrx_word' id='word_1_115' title='bbox 1127 3225 1327 3320; x_wconf 88' lang='lat' dir='ltr'>firmamque</span> <span class='ocrx_word' id='word_1_116' title='bbox 1344 3247 1543 3322; x_wconf 87' lang='lat' dir='ltr'>comparare</span> <span class='ocrx_word' id='word_1_117' title='bbox 1561 3227 1764 3300; x_wconf 89' lang='lat' dir='ltr'>studuerunt</span> <span class='ocrx_word' id='word_1_118' title='bbox 1783 3223 1832 3321; x_wconf 82' lang='lat'>¹);</span> 
     </span>
     <span class='ocr_line' id='line_1_16' title="bbox 306 3328 1833 3424; baseline -0.001 -22"><span class='ocrx_word' id='word_1_119' title='bbox 306 3328 431 3402; x_wconf 83' lang='lat' dir='ltr'>deinde</span> <span class='ocrx_word' id='word_1_120' title='bbox 459 3350 643 3423; x_wconf 81' lang='lat' dir='ltr'>permagna</span> <span class='ocrx_word' id='word_1_121' title='bbox 662 3331 744 3401; x_wconf 88' lang='lat' dir='ltr'>vitiu</span> <span class='ocrx_word' id='word_1_122' title='bbox 762 3329 1063 3422; x_wconf 82' lang='lat' dir='ltr'>deformitatesque</span> <span class='ocrx_word' id='word_1_123' title='bbox 1082 3329 1278 3422; x_wconf 82' lang='lat' dir='ltr'>abroganda</span> <span class='ocrx_word' id='word_1_124' title='bbox 1297 3342 1411 3415; x_wconf 89' lang='lat' dir='ltr'>erant;</span> <span class='ocrx_word' id='word_1_125' title='bbox 1440 3339 1614 3424; x_wconf 86' lang='lat' dir='ltr'>postremo</span> <span class='ocrx_word' id='word_1_126' title='bbox 1635 3328 1680 3401; x_wconf 87' lang='lat' dir='ltr'>ud</span> <span class='ocrx_word' id='word_1_127' title='bbox 1705 3351 1833 3401; x_wconf 90' lang='lat' dir='ltr'>novum</span> 
     </span>
     <span class='ocr_line' id='line_1_17' title="bbox 306 3428 1832 3527; baseline 0 -25"><span class='ocrx_word' id='word_1_128' title='bbox 306 3430 450 3524; x_wconf 88' lang='lat' dir='ltr'>gradum</span> <span class='ocrx_word' id='word_1_129' title='bbox 484 3431 518 3502; x_wconf 93' lang='lat' dir='ltr'>in</span> <span class='ocrx_word' id='word_1_130' title='bbox 550 3429 733 3503; x_wconf 83' lang='lat' dir='ltr'>christiana</span> <span class='ocrx_word' id='word_1_131' title='bbox 764 3433 928 3523; x_wconf 88' lang='lat' dir='ltr'>religione</span> <span class='ocrx_word' id='word_1_132' title='bbox 954 3431 1156 3527; x_wconf 85' lang='lat' dir='ltr'>explicanda</span> <span class='ocrx_word' id='word_1_133' title='bbox 1189 3431 1344 3503; x_wconf 81' lang='lat' dir='ltr'>aseendit</span> <span class='ocrx_word' id='word_1_134' title='bbox 1375 3432 1673 3527; x_wconf 83' lang='lat' dir='ltr'>protestantismus</span> <span class='ocrx_word' id='word_1_135' title='bbox 1691 3428 1737 3521; x_wconf 74' lang='lat'>²).</span> <span class='ocrx_word' id='word_1_136' title='bbox 1790 3431 1832 3502; x_wconf 80' lang='lat' dir='ltr'>At</span> 
     </span>
     <span class='ocr_line' id='line_1_18' title="bbox 307 3531 1833 3629; baseline 0.001 -24"><span class='ocrx_word' id='word_1_137' title='bbox 307 3536 336 3606; x_wconf 90' lang='lat' dir='ltr'>si</span> <span class='ocrx_word' id='word_1_138' title='bbox 363 3531 520 3626; x_wconf 87' lang='lat' dir='ltr'>quaeris,</span> <span class='ocrx_word' id='word_1_139' title='bbox 557 3554 623 3626; x_wconf 88' lang='lat' dir='ltr'>qua</span> <span class='ocrx_word' id='word_1_140' title='bbox 650 3535 780 3605; x_wconf 90' lang='lat' dir='ltr'>ratione</span> <span class='ocrx_word' id='word_1_141' title='bbox 808 3535 1101 3626; x_wconf 88' lang='lat' dir='ltr'>protestantismus</span> <span class='ocrx_word' id='word_1_142' title='bbox 1129 3555 1331 3629; x_wconf 81' lang='lat' dir='ltr'>progressus</span> <span class='ocrx_word' id='word_1_143' title='bbox 1359 3535 1424 3614; x_wconf 87' lang='lat' dir='ltr'>sit,</span> <span class='ocrx_word' id='word_1_144' title='bbox 1464 3533 1546 3604; x_wconf 92' lang='lat' dir='ltr'>nibil</span> <span class='ocrx_word' id='word_1_145' title='bbox 1575 3534 1715 3606; x_wconf 92' lang='lat' dir='ltr'>omnino</span> <span class='ocrx_word' id='word_1_146' title='bbox 1741 3534 1833 3606; x_wconf 88' lang='lat' dir='ltr'>aliud</span> 
     </span>
     <span class='ocr_line' id='line_1_19' title="bbox 307 3633 1833 3726; baseline 0 -18"><span class='ocrx_word' id='word_1_147' title='bbox 307 3647 380 3708; x_wconf 78' lang='lat' dir='ltr'>erut</span> <span class='ocrx_word' id='word_1_148' title='bbox 412 3634 467 3706; x_wconf 93' lang='lat' dir='ltr'>bic</span> <span class='ocrx_word' id='word_1_149' title='bbox 500 3657 611 3706; x_wconf 88' lang='lat' dir='ltr'>novus</span> <span class='ocrx_word' id='word_1_150' title='bbox 644 3645 773 3716; x_wconf 84' lang='lat' dir='ltr'>status,</span> <span class='ocrx_word' id='word_1_151' title='bbox 813 3636 877 3706; x_wconf 92' lang='lat' dir='ltr'>nisi</span> <span class='ocrx_word' id='word_1_152' title='bbox 910 3646 953 3726; x_wconf 88' lang='lat' dir='ltr'>ut·</span> <span class='ocrx_word' id='word_1_153' title='bbox 978 3633 1021 3706; x_wconf 87' lang='lat' dir='ltr'>ud</span> <span class='ocrx_word' id='word_1_154' title='bbox 1053 3635 1115 3706; x_wconf 90' lang='lat' dir='ltr'>Dei</span> <span class='ocrx_word' id='word_1_155' title='bbox 1145 3636 1289 3707; x_wconf 86' lang='lat' dir='ltr'>verbum</span> <span class='ocrx_word' id='word_1_156' title='bbox 1322 3637 1482 3708; x_wconf 84' lang='lat' dir='ltr'>omnibus</span> <span class='ocrx_word' id='word_1_157' title='bbox 1513 3637 1557 3706; x_wconf 85' lang='lat' dir='ltr'>ab</span> <span class='ocrx_word' id='word_1_158' title='bbox 1585 3657 1628 3708; x_wconf 90' lang='lat' dir='ltr'>eo</span> <span class='ocrx_word' id='word_1_159' title='bbox 1654 3637 1774 3708; x_wconf 84' lang='lat' dir='ltr'>alienis</span> <span class='ocrx_word' id='word_1_160' title='bbox 1797 3649 1833 3708; x_wconf 87' lang='lat' dir='ltr'>ct</span> 
     </span>
     <span class='ocr_line' id='line_1_20' title="bbox 307 3736 1833 3831; baseline -0.001 -23"><span class='ocrx_word' id='word_1_161' title='bbox 307 3736 465 3810; x_wconf 80' lang='lat' dir='ltr'>burnonis</span> <span class='ocrx_word' id='word_1_162' title='bbox 492 3737 754 3829; x_wconf 76' lang='lat' dir='ltr'>cogitationibus</span> <span class='ocrx_word' id='word_1_163' title='bbox 786 3738 938 3810; x_wconf 76' lang='lat' dir='ltr'>exclusis</span> <span class='ocrx_word' id='word_1_164' title='bbox 970 3737 1231 3829; x_wconf 76' lang='lat' dir='ltr'>regrederetur,</span> <span class='ocrx_word' id='word_1_165' title='bbox 1269 3737 1351 3809; x_wconf 90' lang='lat' dir='ltr'>dum</span> <span class='ocrx_word' id='word_1_166' title='bbox 1376 3759 1418 3809; x_wconf 84' lang='lat' dir='ltr'>eo</span> <span class='ocrx_word' id='word_1_167' title='bbox 1443 3739 1635 3819; x_wconf 87' lang='lat' dir='ltr'>elementa,</span> <span class='ocrx_word' id='word_1_168' title='bbox 1672 3759 1761 3831; x_wconf 86' lang='lat' dir='ltr'>quae</span> <span class='ocrx_word' id='word_1_169' title='bbox 1787 3759 1833 3810; x_wconf 84' lang='lat' dir='ltr'>ex</span> 
     </span>
     <span class='ocr_line' id='line_1_21' title="bbox 306 3839 1833 3935; baseline 0.001 -25"><span class='ocrx_word' id='word_1_170' title='bbox 306 3840 416 3912; x_wconf 90' lang='lat' dir='ltr'>verbo</span> <span class='ocrx_word' id='word_1_171' title='bbox 441 3841 503 3912; x_wconf 85' lang='lat' dir='ltr'>Dei</span> <span class='ocrx_word' id='word_1_172' title='bbox 530 3841 681 3935; x_wconf 84' lang='lat' dir='ltr'>proiectu</span> <span class='ocrx_word' id='word_1_173' title='bbox 708 3851 808 3920; x_wconf 91' lang='lat' dir='ltr'>sunt,</span> <span class='ocrx_word' id='word_1_174' title='bbox 849 3839 882 3910; x_wconf 91' lang='lat' dir='ltr'>in</span> <span class='ocrx_word' id='word_1_175' title='bbox 910 3863 1009 3912; x_wconf 89' lang='lat' dir='ltr'>suurn</span> <span class='ocrx_word' id='word_1_176' title='bbox 1037 3839 1212 3913; x_wconf 84' lang='lat' dir='ltr'>doctrinae</span> <span class='ocrx_word' id='word_1_177' title='bbox 1239 3861 1364 3934; x_wconf 89' lang='lat' dir='ltr'>corpus</span> <span class='ocrx_word' id='word_1_178' title='bbox 1390 3841 1530 3934; x_wconf 82' lang='lat' dir='ltr'>sucepit</span> <span class='ocrx_word' id='word_1_179' title='bbox 1596 3840 1697 3930; x_wconf 82' lang='lat' dir='ltr'>Cujus</span> <span class='ocrx_word' id='word_1_180' title='bbox 1721 3859 1833 3912; x_wconf 85' lang='lat' dir='ltr'>novae</span> 
     </span>
     <span class='ocr_line' id='line_1_22' title="bbox 307 3939 1832 4036; baseline 0.001 -24"><span class='ocrx_word' id='word_1_181' title='bbox 307 3942 362 4013; x_wconf 88' lang='lat' dir='ltr'>vel</span> <span class='ocrx_word' id='word_1_182' title='bbox 396 3943 509 4036; x_wconf 87' lang='lat' dir='ltr'>potius</span> <span class='ocrx_word' id='word_1_183' title='bbox 539 3943 666 4014; x_wconf 85' lang='lat' dir='ltr'>veteris</span> <span class='ocrx_word' id='word_1_184' title='bbox 699 3952 862 4036; x_wconf 75' lang='lat' dir='ltr'>purgatae</span> <span class='ocrx_word' id='word_1_185' title='bbox 895 3941 1071 4016; x_wconf 82' lang='lat' dir='ltr'>doctrinae</span> <span class='ocrx_word' id='word_1_186' title='bbox 1090 3939 1121 4030; x_wconf 73' lang='lat'>³)</span> <span class='ocrx_word' id='word_1_187' title='bbox 1153 3943 1303 4035; x_wconf 83' lang='lat' dir='ltr'>cognitio</span> <span class='ocrx_word' id='word_1_188' title='bbox 1335 3941 1539 4035; x_wconf 83' lang='lat' dir='ltr'>simulatque</span> <span class='ocrx_word' id='word_1_189' title='bbox 1564 3941 1737 4034; x_wconf 82' lang='lat' dir='ltr'>divulgata</span> <span class='ocrx_word' id='word_1_190' title='bbox 1768 3955 1832 4024; x_wconf 83' lang='lat' dir='ltr'>ast,</span> 
     </span>
     <span class='ocr_line' id='line_1_23' title="bbox 307 4043 1834 4136; baseline -0.001 -18"><span class='ocrx_word' id='word_1_191' title='bbox 307 4043 422 4118; x_wconf 89' lang='lat' dir='ltr'>socios</span> <span class='ocrx_word' id='word_1_192' title='bbox 447 4054 482 4115; x_wconf 91' lang='lat' dir='ltr'>et</span> <span class='ocrx_word' id='word_1_193' title='bbox 502 4045 633 4116; x_wconf 87' lang='lat' dir='ltr'>amicos</span> <span class='ocrx_word' id='word_1_194' title='bbox 658 4044 724 4116; x_wconf 86' lang='lat' dir='ltr'>sibi</span> <span class='ocrx_word' id='word_1_195' title='bbox 750 4045 945 4134; x_wconf 84' lang='lat' dir='ltr'>conjunxit;</span> <span class='ocrx_word' id='word_1_196' title='bbox 981 4045 1044 4117; x_wconf 89' lang='lat' dir='ltr'>sed</span> <span class='ocrx_word' id='word_1_197' title='bbox 1070 4044 1172 4116; x_wconf 85' lang='lat' dir='ltr'>etium</span> <span class='ocrx_word' id='word_1_198' title='bbox 1200 4045 1312 4116; x_wconf 90' lang='lat' dir='ltr'>statim</span> <span class='ocrx_word' id='word_1_199' title='bbox 1333 4043 1378 4116; x_wconf 91' lang='lat' dir='ltr'>de</span> <span class='ocrx_word' id='word_1_200' title='bbox 1401 4044 1544 4136; x_wconf 86' lang='lat' dir='ltr'>singulis</span> <span class='ocrx_word' id='word_1_201' title='bbox 1570 4044 1674 4116; x_wconf 88' lang='lat' dir='ltr'>rebus</span> <span class='ocrx_word' id='word_1_202' title='bbox 1697 4055 1834 4118; x_wconf 87' lang='lat' dir='ltr'>senten-</span> 
     </span>
     <span class='ocr_line' id='line_1_24' title="bbox 307 4145 1834 4239; baseline 0.001 -22"><span class='ocrx_word' id='word_1_203' title='bbox 307 4147 375 4217; x_wconf 80' lang='lat' dir='ltr'>tiae</span> <span class='ocrx_word' id='word_1_204' title='bbox 401 4145 657 4218; x_wconf 84' lang='lat' dir='ltr'>diversissimae</span> <span class='ocrx_word' id='word_1_205' title='bbox 684 4157 825 4220; x_wconf 83' lang='lat' dir='ltr'>exortae</span> <span class='ocrx_word' id='word_1_206' title='bbox 852 4156 950 4227; x_wconf 89' lang='lat' dir='ltr'>sunt,</span> <span class='ocrx_word' id='word_1_207' title='bbox 977 4146 1102 4239; x_wconf 91' lang='lat' dir='ltr'>quibus</span> <span class='ocrx_word' id='word_1_208' title='bbox 1129 4156 1177 4218; x_wconf 89' lang='lat' dir='ltr'>tot</span> <span class='ocrx_word' id='word_1_209' title='bbox 1202 4149 1332 4218; x_wconf 85' lang='lat' dir='ltr'>amicos</span> <span class='ocrx_word' id='word_1_210' title='bbox 1357 4167 1399 4220; x_wconf 90' lang='lat' dir='ltr'>ao</span> <span class='ocrx_word' id='word_1_211' title='bbox 1422 4146 1645 4226; x_wconf 75' lang='lat' dir='ltr'>defensores,</span> <span class='ocrx_word' id='word_1_212' title='bbox 1676 4157 1758 4238; x_wconf 92' lang='lat' dir='ltr'>quot</span> <span class='ocrx_word' id='word_1_213' title='bbox 1784 4147 1834 4218; x_wconf 86' lang='lat' dir='ltr'>in·</span> 
     </span>
     <span class='ocr_line' id='line_1_25' title="bbox 307 4246 1834 4342; baseline 0 -22"><span class='ocrx_word' id='word_1_214' title='bbox 307 4248 421 4320; x_wconf 81' lang='lat' dir='ltr'>ueniri</span> <span class='ocrx_word' id='word_1_215' title='bbox 442 4257 618 4342; x_wconf 83' lang='lat' dir='ltr'>potarunt,</span> <span class='ocrx_word' id='word_1_216' title='bbox 645 4249 847 4321; x_wconf 85' lang='lat' dir='ltr'>consociare</span> <span class='ocrx_word' id='word_1_217' title='bbox 869 4248 1053 4320; x_wconf 88' lang='lat' dir='ltr'>studebant</span> <span class='ocrx_word' id='word_1_218' title='bbox 1074 4246 1241 4322; x_wconf 88' lang='lat' dir='ltr'>homines.</span> <span class='ocrx_word' id='word_1_219' title='bbox 1286 4248 1337 4320; x_wconf 89' lang='lat' dir='ltr'>De</span> <span class='ocrx_word' id='word_1_220' title='bbox 1360 4249 1537 4321; x_wconf 86' lang='lat' dir='ltr'>sententiis</span> <span class='ocrx_word' id='word_1_221' title='bbox 1560 4258 1595 4318; x_wconf 89' lang='lat' dir='ltr'>et</span> <span class='ocrx_word' id='word_1_222' title='bbox 1615 4247 1834 4341; x_wconf 86' lang='lat' dir='ltr'>opinionibus</span> 
     </span>
     <span class='ocr_line' id='line_1_26' title="bbox 308 4349 1834 4444; baseline 0 -22"><span class='ocrx_word' id='word_1_223' title='bbox 308 4351 459 4422; x_wconf 79' lang='lat' dir='ltr'>maxime</span> <span class='ocrx_word' id='word_1_224' title='bbox 483 4349 549 4422; x_wconf 88' lang='lat' dir='ltr'>sibi</span> <span class='ocrx_word' id='word_1_225' title='bbox 576 4352 755 4423; x_wconf 89' lang='lat' dir='ltr'>contrariis</span> <span class='ocrx_word' id='word_1_226' title='bbox 780 4350 1016 4444; x_wconf 83' lang='lat' dir='ltr'>disputabatur</span> <span class='ocrx_word' id='word_1_227' title='bbox 1042 4351 1193 4423; x_wconf 86' lang='lat' dir='ltr'>maximo</span> <span class='ocrx_word' id='word_1_228' title='bbox 1220 4351 1355 4432; x_wconf 77' lang='lat' dir='ltr'>studio,</span> <span class='ocrx_word' id='word_1_229' title='bbox 1395 4373 1508 4442; x_wconf 85' lang='lat' dir='ltr'>eoque</span> <span class='ocrx_word' id='word_1_230' title='bbox 1540 4349 1687 4422; x_wconf 84' lang='lat' dir='ltr'>ecclesia</span> <span class='ocrx_word' id='word_1_231' title='bbox 1711 4349 1834 4422; x_wconf 88' lang='lat' dir='ltr'>Luthe-</span> 
     </span>
    </p>
   </div>
   <div class='ocr_carea' id='block_1_5' title="bbox 308 4535 1836 4954">
    <p class='ocr_par' dir='ltr' id='par_1_6' title="bbox 308 4535 1836 4954">
     <span class='ocr_line' id='line_1_27' title="bbox 366 4535 1836 4614; baseline -0.001 -16"><span class='ocrx_word' id='word_1_232' title='bbox 366 4593 368 4598; x_wconf 83' lang='lat'><em>.</em></span> <span class='ocrx_word' id='word_1_233' title='bbox 396 4535 417 4606; x_wconf 78' lang='lat' dir='ltr'>ll</span> <span class='ocrx_word' id='word_1_234' title='bbox 449 4541 587 4614; x_wconf 83' lang='lat' dir='ltr'>lleppe,</span> <span class='ocrx_word' id='word_1_235' title='bbox 611 4543 641 4596; x_wconf 88' lang='lat' dir='ltr'>in</span> <span class='ocrx_word' id='word_1_236' title='bbox 664 4541 1117 4607; x_wconf 77' lang='lat' dir='ltr'>Tue01.stuu.u.Krittato,</span> <span class='ocrx_word' id='word_1_237' title='bbox 1143 4542 1234 4598; x_wconf 76' lang='lat' dir='ltr'>una.</span> <span class='ocrx_word' id='word_1_238' title='bbox 1258 4559 1286 4614; x_wconf 89' lang='lat' dir='ltr'>p.</span> <span class='ocrx_word' id='word_1_239' title='bbox 1301 4543 1375 4610; x_wconf 75' lang='lat'>⁶⁷⁰3</span> <span class='ocrx_word' id='word_1_240' title='bbox 1407 4541 1443 4598; x_wconf 85' lang='lat' dir='ltr'>cl.</span> <span class='ocrx_word' id='word_1_241' title='bbox 1466 4540 1654 4604; x_wconf 86' lang='lat' dir='ltr'>Thiursch,</span> <span class='ocrx_word' id='word_1_242' title='bbox 1675 4539 1836 4598; x_wconf 79' lang='lat' dir='ltr'>Vorlesun·</span> 
     </span>
     <span class='ocr_line' id='line_1_28' title="bbox 309 4618 1834 4702; baseline -0.002 -18"><span class='ocrx_word' id='word_1_243' title='bbox 309 4643 366 4700; x_wconf 77' lang='lat' dir='ltr'>gen</span> <span class='ocrx_word' id='word_1_244' title='bbox 387 4625 462 4683; x_wconf 78' lang='lat' dir='ltr'>tiber</span> <span class='ocrx_word' id='word_1_245' title='bbox 484 4625 706 4684; x_wconf 81' lang='lat' dir='ltr'>Katholicismus</span> <span class='ocrx_word' id='word_1_246' title='bbox 727 4627 786 4684; x_wconf 86' lang='lat' dir='ltr'>und</span> <span class='ocrx_word' id='word_1_247' title='bbox 811 4627 1073 4692; x_wconf 81' lang='lat' dir='ltr'>Protustantisnuus,</span> <span class='ocrx_word' id='word_1_248' title='bbox 1099 4629 1126 4684; x_wconf 75' lang='lat'>2.</span> <span class='ocrx_word' id='word_1_249' title='bbox 1146 4623 1218 4683; x_wconf 82' lang='lat' dir='ltr'>tun.</span> <span class='ocrx_word' id='word_1_250' title='bbox 1250 4629 1270 4684; x_wconf 85' lang='lat' dir='ltr'>l.</span> <span class='ocrx_word' id='word_1_251' title='bbox 1287 4625 1370 4682; x_wconf 72' lang='lat' dir='ltr'>uhtu.</span> <span class='ocrx_word' id='word_1_252' title='bbox 1398 4629 1511 4698; x_wconf 68' lang='lat' dir='ltr'>psat.</span> <span class='ocrx_word' id='word_1_253' title='bbox 1535 4653 1574 4668; x_wconf 87' lang='lat'>-</span> <span class='ocrx_word' id='word_1_254' title='bbox 1642 4618 1666 4702; x_wconf 66' lang='lat'>²)</span> <span class='ocrx_word' id='word_1_255' title='bbox 1697 4627 1834 4698; x_wconf 83' lang='lat' dir='ltr'>llagen-</span> 
     </span>
     <span class='ocr_line' id='line_1_29' title="bbox 308 4705 1835 4788; baseline -0.002 -18"><span class='ocrx_word' id='word_1_256' title='bbox 308 4712 420 4778; x_wconf 84' lang='lat' dir='ltr'>bacb‚</span> <span class='ocrx_word' id='word_1_257' title='bbox 444 4712 643 4782; x_wconf 78' lang='lat' dir='ltr'>vorlesungun</span> <span class='ocrx_word' id='word_1_258' title='bbox 665 4710 740 4768; x_wconf 85' lang='lat' dir='ltr'>ubar</span> <span class='ocrx_word' id='word_1_259' title='bbox 760 4713 876 4770; x_wconf 78' lang='lat' dir='ltr'>Wesen&#39;</span> <span class='ocrx_word' id='word_1_260' title='bbox 892 4729 920 4768; x_wconf 90' lang='lat' dir='ltr'>u.</span> <span class='ocrx_word' id='word_1_261' title='bbox 944 4711 1048 4768; x_wconf 81' lang='lat' dir='ltr'>Gescb.</span> <span class='ocrx_word' id='word_1_262' title='bbox 1072 4709 1125 4768; x_wconf 78' lang='lat' dir='ltr'>ulcr</span> <span class='ocrx_word' id='word_1_263' title='bbox 1145 4711 1349 4768; x_wconf 84' lang='lat' dir='ltr'>ltetormutiun.</span> <span class='ocrx_word' id='word_1_264' title='bbox 1371 4711 1421 4768; x_wconf 78' lang='lat' dir='ltr'>uu.</span> <span class='ocrx_word' id='word_1_265' title='bbox 1435 4711 1477 4770; x_wconf 90' lang='lat' dir='ltr'>lll.</span> <span class='ocrx_word' id='word_1_266' title='bbox 1502 4705 1646 4788; x_wconf 72' lang='lat' dir='ltr'>turingo.</span> <span class='ocrx_word' id='word_1_267' title='bbox 1669 4711 1835 4768; x_wconf 82' lang='lat' dir='ltr'>Protastun-</span> 
     </span>
     <span class='ocr_line' id='line_1_30' title="bbox 311 4791 1835 4874; baseline 0 -20"><span class='ocrx_word' id='word_1_268' title='bbox 311 4800 430 4864; x_wconf 84' lang='lat' dir='ltr'>tr&#39;smus,</span> <span class='ocrx_word' id='word_1_269' title='bbox 453 4797 503 4853; x_wconf 80' lang='lat' dir='ltr'>ltu.</span> <span class='ocrx_word' id='word_1_270' title='bbox 516 4791 548 4872; x_wconf 71' lang='lat' dir='ltr'>l.)</span> <span class='ocrx_word' id='word_1_271' title='bbox 570 4815 598 4869; x_wconf 86' lang='lat' dir='ltr'>p.</span> <span class='ocrx_word' id='word_1_272' title='bbox 612 4797 640 4852; x_wconf 78' lang='lat'>7.</span> <span class='ocrx_word' id='word_1_273' title='bbox 665 4823 704 4838; x_wconf 87' lang='lat'>-</span> <span class='ocrx_word' id='word_1_274' title='bbox 785 4791 812 4874; x_wconf 56' lang='lat' dir='ltr'>il</span> <span class='ocrx_word' id='word_1_275' title='bbox 842 4796 982 4862; x_wconf 84' lang='lat' dir='ltr'>Walob,</span> <span class='ocrx_word' id='word_1_276' title='bbox 1014 4795 1080 4852; x_wconf 86' lang='lat' dir='ltr'>llist.</span> <span class='ocrx_word' id='word_1_277' title='bbox 1104 4811 1132 4853; x_wconf 94' lang='lat' dir='ltr'>u.</span> <span class='ocrx_word' id='word_1_278' title='bbox 1155 4797 1242 4852; x_wconf 76' lang='lat' dir='ltr'>theol,</span> <span class='ocrx_word' id='word_1_279' title='bbox 1265 4797 1337 4854; x_wconf 78' lang='lat' dir='ltr'>Blnl.</span> <span class='ocrx_word' id='word_1_280' title='bbox 1360 4798 1390 4852; x_wconf 86' lang='lat' dir='ltr'>in</span> <span class='ocrx_word' id='word_1_281' title='bbox 1413 4795 1460 4852; x_wconf 87' lang='lat' dir='ltr'>die</span> <span class='ocrx_word' id='word_1_282' title='bbox 1480 4797 1760 4868; x_wconf 78' lang='lat' dir='ltr'>llollgiousutreitigk.</span> <span class='ocrx_word' id='word_1_283' title='bbox 1784 4796 1835 4854; x_wconf 87' lang='lat' dir='ltr'>der</span> 
     </span>
     <span class='ocr_line' id='line_1_31' title="bbox 309 4877 1757 4954; baseline -0.001 -14"><span class='ocrx_word' id='word_1_284' title='bbox 309 4897 411 4954; x_wconf 82' lang='lat' dir='ltr'>evang.</span> <span class='ocrx_word' id='word_1_285' title='bbox 435 4881 505 4939; x_wconf 90' lang='lat' dir='ltr'>luth.</span> <span class='ocrx_word' id='word_1_286' title='bbox 528 4883 652 4948; x_wconf 78' lang='lat' dir='ltr'>Kircbe,</span> <span class='ocrx_word' id='word_1_287' title='bbox 682 4885 754 4940; x_wconf 82' lang='lat' dir='ltr'>tana</span> <span class='ocrx_word' id='word_1_288' title='bbox 778 4884 867 4939; x_wconf 75' lang='lat' dir='ltr'>trau.</span> <span class='ocrx_word' id='word_1_289' title='bbox 891 4884 919 4938; x_wconf 79' lang='lat' dir='ltr'>t.</span> <span class='ocrx_word' id='word_1_290' title='bbox 945 4882 964 4937; x_wconf 91' lang='lat' dir='ltr'>l.</span> <span class='ocrx_word' id='word_1_291' title='bbox 987 4895 1016 4953; x_wconf 90' lang='lat' dir='ltr'>p.</span> <span class='ocrx_word' id='word_1_292' title='bbox 1035 4883 1068 4950; x_wconf 83' lang='lat' dir='ltr'>t;</span> <span class='ocrx_word' id='word_1_293' title='bbox 1112 4881 1351 4954; x_wconf 79' lang='lat' dir='ltr'>llageubucb,</span> <span class='ocrx_word' id='word_1_294' title='bbox 1373 4881 1490 4954; x_wconf 74' lang='lat' dir='ltr'>llnrykl.</span> <span class='ocrx_word' id='word_1_295' title='bbox 1515 4877 1623 4938; x_wconf 66' lang='lat' dir='ltr'>titull-</span> <span class='ocrx_word' id='word_1_296' title='bbox 1647 4885 1757 4954; x_wconf 62' lang='lat' dir='ltr'>pass.</span> 
     </span>
    </p>
   </div>
   <div class='ocr_carea' id='block_1_6' title="bbox 1613 4995 1628 5047">
    <p class='ocr_par' dir='ltr' id='par_1_7' title="bbox 1613 4995 1628 5047">
     <span class='ocr_line' id='line_1_32' title="bbox 1613 4995 1628 5047; baseline 0 0"><span class='ocrx_word' id='word_1_297' title='bbox 1613 4995 1628 5047; x_wconf 87' lang='lat'>1</span> 
     </span>
    </p>
   </div>
   <div class='ocr_carea' id='block_1_7' title="bbox 0 0 2451 6052">
    <p class='ocr_par' dir='ltr' id='par_1_8' title="bbox 0 0 2451 6052">
     <span class='ocr_line' id='line_1_33' title="bbox 0 0 2451 6052; baseline 0 0"><span class='ocrx_word' id='word_1_298' title='bbox 0 0 2451 6052; x_wconf 95' lang='lat' dir='ltr'> </span> 
     </span>
    </p>
   </div>
  </div>
 </body>
</html>
