4770 6086
1013 682 1061 756 83

277 886 341 956 erit
367 873 549 957 universae
584 885 674 956 illius
700 885 820 956 aetatis
843 895 968 968 status,
1001 909 1106 979 quum
1121 883 1294 957 ‘Arndtius
1329 881 1415 955 haec
1453 884 1557 956 verba
1582 885 1714 956 locutus
1742 883 1798 968 sit;

277 1008 391 1078 neque
419 988 573 1059 dicemus
609 988 643 1058 in
676 987 726 1058 eis
765 988 879 1060 inesse
913 989 1109 1082 opinionem
1144 986 1350 1059 haereticam
1391 996 1426 1057 et
1456 986 1585 1058 lalsam.
1637 984 1800 1056 Videmus

275 1088 473 1169 Andrium,
501 1111 604 1182 quum
630 1111 702 1160 rem
728 1089 876 1180 aliquam
902 1111 1110 1184 magnopere
1137 1089 1259 1160 efferre
1286 1087 1410 1169 vellet,
1453 1089 1589 1183 saepius
1612 1088 1646 1158 in
1672 1085 1736 1158 hac
1762 1108 1800 1158 re

277 1192 505 1286 praedicanda
531 1213 571 1262 ac
595 1189 824 1263 describenda
851 1191 952 1262 nimis
976 1215 1196 1286 progressum
1221 1187 1375 1279 essem).

377 1294 470 1366 ldem
493 1293 658 1383 judicium
683 1294 898 1366 statuendum
922 1305 975 1364 est
1000 1295 1045 1367 de
1068 1296 1175 1366 altero
1200 1294 1293 1365 loco:
1338 1295 1432 1375 „Nec
1454 1293 1588 1365 absolvi
1613 1291 1656 1362 ab
1683 1311 1801 1362 errore

280 1406 481 1489 ‚‚possnnt‚“
509 1394 590 1466 dicit
607 1393 879 1468 Wernsdorfius:
909 1395 1024 1476 „Deus
1042 1419 1104 1491 pro
1118 1395 1452 1490 incomprehensibili
1475 1415 1534 1466 sua
1559 1391 1801 1489 omnipotentia

281 1497 395 1577 ,aliud
421 1497 573 1568 medium
599 1495 844 1592 redemptionis
873 1499 1039 1592 potuisset
1066 1499 1274 1570 constituere
1299 1551 1309 1568 .
1333 1507 1349 1567 ῑ
1374 1551 1382 1567 .
1412 1551 1420 1567 .
1456 1497 1801 1568 verumenimvero

280 1599 336 1678 „in
363 1598 428 1671 hoc
457 1621 611 1670 summus
644 1601 769 1671 amoris
797 1599 925 1689 gradus
959 1623 1028 1672 non
1057 1601 1302 1694 comparuisset
1318 1597 1403 1696 ¹9).“
1455 1601 1492 1669 ln
1524 1597 1587 1669 hac
1617 1599 1701 1669 lalsa
1725 1617 1802 1666 sen-

280 1701 382 1772 tentia
417 1699 666 1774 consideranda
699 1701 744 1772 ad
779 1702 904 1773 multos
937 1702 1024 1773 alios
1052 1703 1149 1774 locos
1181 1702 1353 1794 respicere
1379 1701 1568 1780 debemus,
1607 1701 1642 1770 in
1677 1697 1802 1790 quibus

277 1803 441 1874 Arndtius
468 1825 636 1898 expresse
661 1802 758 1883 dicit,
786 1801 956 1876 Christum
980 1823 1041 1898 pro
1064 1803 1165 1875 nobis
1192 1803 1261 1898 pati
1285 1825 1425 1898 prorsus
1451 1823 1596 1874 neccsse
1621 1795 1801 1890 luisse²⁰].

278 1907 396 1998 Neque
418 1905 487 1977 ullo
513 1905 616 1976 modo
634 1905 796 1978 Arndtius
822 1905 901 1977 huic
928 1906 1117 1978 sententiae
1144 1907 1285 1976 multum
1309 1904 1516 1978 auctoritatis
1544 1903 1669 1983 tribuit,
1697 1925 1802 1995 quum

278 2029 318 2080 ea
345 2007 448 2078 modo
476 2031 559 2079 usus
586 2009 692 2079 luisse
711 2007 878 2088 videatur,
905 2019 955 2088 ut,
983 2027 1071 2100 quae
1088 2017 1327 2099 sequerentur,
1351 2009 1387 2078 vi
1403 2005 1551 2099 quadam
1566 2007 1714 2078 efferret
1765 2009 1803 2077 ln

279 2110 444 2204 peculiari
471 2107 699 2204 disputatione
731 2119 850 2203 postea
876 2119 1041 2203 concepta
1072 2107 1158 2181 haec
1185 2111 1352 2180 sententia
1387 2131 1449 2204 pro
1478 2108 1562 2180 falsa
1599 2107 1739 2201 quidem
1769 2118 1803 2180 et

279 2213 489 2306 imperfecta,
516 2221 663 2281 attamen
691 2232 752 2304 pro
779 2211 968 2282 excusabili
996 2209 1109 2281 hahita
1136 2207 1263 2304 est21).

378 2313 475 2396 Quod
503 2313 621 2384 attinet
647 2311 690 2383 ad
718 2314 853 2383 tertium
879 2313 1002 2394 locum,
1029 2335 1132 2405 quem
1156 2311 1409 2384 Wernsdorlius
1436 2307 1716 2408 improbavit²²l,
1753 2313 1803 2382 in·

279 2417 400 2488 venies
426 2415 532 2486 verba
559 2414 693 2486 Arndtii
719 2416 763 2495 ll,
800 2437 829 2486 c.
845 2413 905 2486 20.
931 2413 1095 2510 pldiia,
1133 2415 1167 2485 in
1194 2414 1318 2508 quibus
1345 2414 1389 2486 de
1410 2415 1572 2507 gradibus
1599 2415 1803 2510 precationis

279 2515 467 2589 disseritur.
520 2517 609 2600 Quid
635 2517 680 2589 de
703 2517 831 2607 judicio
858 2519 932 2608 ejus
956 2516 1153 2590 habendum
1175 2517 1227 2598 sit,
1256 2518 1374 2588 exeis
1397 2519 1517 2600 elucet,
1545 2537 1634 2610 quae
1659 2519 1693 2588 in
1712 2537 1803 2596 com·

279 2619 437 2713 ponenda
464 2618 634 2712 theologia
660 2618 846 2691 dmdtiana
872 2619 1002 2692 dehac
1028 2641 1066 2690 re
1092 2619 1264 2690 attulimus
1277 2615 1340 2708 ²³).

366 2890 741 2972 1⁸]et.§.r.p.2o.-
817 2889 854 2972 ¹⁹)
880 2897 911 2962 11,
935 2912 960 2952 c.
979 2898 1027 2953 aa.
1050 2911 1077 2967 p.
1102 2893 1195 2950 torn.
1218 2923 1257 2936 -
1337 2889 1377 2972 2⁰)
1401 2895 1425 2968 ᾗ.
1445 2899 1470 2952 s.
1493 2914 1521 2969 p.
1544 2900 1590 2953 aa.
1614 2900 1672 2950 noc
1692 2895 1740 2950 tt.
1764 2923 1803 2936 --

282 2973 321 3055 ²¹]
351 2981 503 3038 Hessische
526 2981 671 3053 llebopler
699 2982 777 3037 Tom.
801 2982 821 3038 1.
854 2980 942 3035 4736.
973 2979 1059 3036 Stitclt
1079 2979 1111 3035 X.
1141 2996 1169 3051 p.
1193 2980 1280 3035 ⁴065.
1326 2980 1459 3037 Similiter
1480 2979 1652 3036 Buddcus
1682 2979 1802 3044 censuit,

279 3066 355 3124 hanc
378 3068 550 3124 sententiam
574 3081 633 3123 non
656 3071 713 3124 tam
737 3065 966 3132 defendendam,
990 3079 1076 3136 quam
1099 3064 1294 3122 excusandam
1317 3081 1399 3132 esse;
1430 3066 1468 3122 ib.
1492 3084 1519 3139 p.
1540 3066 1627 3121 told.
1652 3093 1689 3104 -
1763 3055 1804 3136 ²²]

282 3149 307 3221 ς.
320 3153 347 3207 7.
369 3169 397 3224 p.
411 3153 458 3207 58.
481 3157 540 3208 not.
555 3155 603 3210 23.
627 3181 665 3193 -
740 3145 780 3228 ²3)
803 3151 827 3225 ἕ.
844 3153 870 3209 l.
892 3167 920 3223 p.
941 3152 978 3207 34
1002 3165 1045 3222 sq.
