4770 6086
1320 645 1368 718 76

580 848 728 922 essentia
756 851 946 922 consistere
974 849 1028 920 vel
1055 860 1186 943 partem
1212 869 1292 922 esse
1321 851 1491 921 essentiae
1517 848 1666 931 divinae,
1694 848 1756 922 sed
1782 849 1889 920 alteo
1915 871 1996 920 esse
2012 869 2108 920 crea-

581 963 659 1032 tam,
687 950 748 1021 Dei
776 953 958 1044 imaginem
985 962 1019 1023 et
1045 956 1120 1042 ejus
1147 973 1226 1024 esse
1250 952 1438 1046 speculum.
1491 951 1585 1036 Quos
1612 973 1791 1024 sermones
1810 951 1973 1022 Arndtius
2001 951 2110 1022 tundit

580 1052 624 1124 de
649 1053 759 1123 anima
787 1052 934 1127 hominis
960 1063 1039 1124 ante
1065 1055 1207 1148 lapsum.
1271 1054 1464 1126 Clarissima
1490 1053 1554 1125 hae
1577 1053 1621 1125 de
1647 1077 1685 1126 re
1711 1053 1819 1125 verba
1846 1053 1925 1124 lacit
1952 1054 1975 1133 l,
2003 1075 2032 1124 c
2047 1053 2107 1134 ll,

580 1155 639 1226 ubi
666 1157 840 1249 praeclare
866 1167 900 1226 et
926 1158 1127 1247 eloquenter
1153 1155 1198 1228 de
1220 1157 1332 1226 anima
1359 1153 1505 1228 bumana
1532 1155 1624 1228 dicit.

681 1258 727 1327 lta
766 1259 869 1329 etiam
895 1260 959 1330 alia
985 1257 1143 1330 Osiandri
1179 1257 1369 1328 criminatio
1396 1261 1580 1340 refutatur,
1618 1257 1798 1328 Arndtium
1830 1255 1917 1328 duas
1951 1257 2109 1329 diversas

581 1361 676 1430 luces
713 1359 747 1430 in
783 1359 922 1433 homine
958 1361 1139 1440 docuisse,
1177 1361 1330 1432 naturale
1365 1371 1400 1432 et
1426 1361 1600 1456 spirituale
1635 1360 1763 1452 gratiae
1790 1359 1924 1440 lumen,
1963 1380 2109 1451 quorum

581 1469 761 1552 utrumque
786 1464 920 1535 animae
945 1463 1114 1533 humanae
1139 1461 1249 1533 alteo
1276 1463 1415 1536 insitum
1441 1473 1545 1534 esset
1598 1464 1722 1534 Contra
1743 1459 1907 1532 Arndtius
1933 1463 2109 1554 expressis

580 1563 698 1634 verbis
719 1563 832 1646 affert,
867 1567 902 1636 in
930 1565 1068 1636 homine
1091 1574 1168 1658 post
1192 1566 1325 1657 lapsum
1353 1585 1397 1635 ne
1423 1566 1603 1636 scintillam
1635 1565 1775 1657 quidem
1802 1563 1987 1656 spiritualis
2014 1564 2110 1634 lumi-

580 1666 634 1736 nis
660 1666 775 1738 inesse
787 1662 849 1765 ³¹).
902 1667 1071 1740 Osiander
1102 1666 1196 1738 luleit
1221 1667 1425 1738 sententiam
1455 1687 1551 1739 suam
1577 1666 1749 1738 nonnullis
1784 1666 1869 1736 locis
1894 1664 1974 1736 libri
2000 1665 2109 1749 tertii;

580 1767 694 1838 locum
720 1768 969 1851 describamus,
997 1780 1034 1840 ut
1060 1767 1319 1838 laudamentum
1345 1779 1624 1860 argumentorum
1648 1767 1806 1840 Osiandri
1833 1778 1995 1861 appareat
2020 1766 2111 1857 ejus·

581 1891 649 1960 que
684 1873 850 1962 sagacitas
882 1873 918 1942 in
955 1869 1134 1942 eliciendis
1169 1893 1246 1942 sex
1281 1868 1463 1943 haereticis
1496 1871 1715 1964 opinionibus
1743 1867 1898 1964 patefiat3
1931 1867 2110 1940 Arndtium

581 1972 673 2042 enim
686 1971 769 2044 dicit
788 1995 884 2044 more
901 1972 1181 2067 synergistarum
1203 1971 1501 2054 enthusiastarum,
1522 1973 1791 2065 Pelagianorum,
1811 1972 2110 2062 Weigeliauorum,

581 2073 872 2156 scholasticorum,
893 2075 1097 2146 lesuitarum
1113 2074 1220 2145 verba
1240 2075 1365 2147 fecisse
1378 2072 1442 2163 ³²).
1476 2075 1657 2148 Arndtius:
1687 2074 1832 2156 „Omnia
1851 2075 1965 2166 itaque
1981 2073 2112 2164 linquat

582 2175 719 2257 „homo,
747 2197 836 2267 quae
866 2199 932 2248 non
961 2186 1039 2248 sunt
1066 2177 1138 2270 ipse
1166 2177 1270 2258 Deus,
1296 2177 1390 2248 velut
1417 2178 1591 2272 seipsum
1618 2188 1653 2248 et
1678 2187 1812 2249 ceteras
1836 2186 2011 2247 creaturas
2036 2177 2110 2246 uni·

583 2297 727 2359 „versas
754 2329 763 2346 .
791 2331 800 2348 .
828 2331 837 2347 .
885 2279 955 2349 Tali
981 2279 1115 2348 animae
1139 2279 1186 2350 nil
1211 2299 1317 2372 quam
1342 2282 1437 2350 solus
1463 2279 1556 2352 Deus
1584 2301 1687 2351 curae
1709 2289 1763 2350 est
1788 2277 1970 2371 cordique,
1995 2299 2013 2346 a
2041 2298 2111 2368 quo

583 2379 813 2462 „illuminatur
847 2382 881 2451 iu
908 2382 1062 2452 veritate.
1114 2382 1149 2452 Si
1181 2381 1364 2453 mundanis
1399 2401 1656 2472 nonnumquam
1689 2383 1858 2452 interesse
1886 2379 2042 2470 jubetur,
2076 2379 2110 2448 in

584 2479 724 2564 „humili
761 2482 882 2554 timore
917 2481 1088 2553 mundana
1122 2493 1260 2564 tractat,
1293 2493 1326 2553 et
1357 2483 1499 2554 fundum
1537 2484 1672 2555 animae
1708 2503 1791 2554 suae
1821 2502 1840 2551 a
1873 2481 2039 2553 creaturis
2071 2500 2112 2552 ac

584 2583 735 2666 „mundo
770 2605 915 2656 vacuum
952 2606 1094 2656 servare
1122 2585 1247 2656 studet
1313 2585 1354 2654 Et
1387 2597 1466 2656 tunc
1501 2585 1594 2656 Deus
1627 2587 1719 2656 intus
1750 2585 1897 2654 animam
1934 2582 2110 2654 illuminat.

585 2685 726 2769 „Omnia
745 2688 838 2758 enim
854 2687 943 2758 intus
960 2709 1006 2757 ex
1027 2687 1099 2757 Deo
1121 2687 1309 2759 scaturiunt
1325 2683 1412 2781 ³³).“
1464 2687 1633 2760 Osiandar
1653 2685 2110 2778 argumentaturbrndtium,

540 2869 542 2876 ,
584 2790 613 2862 si
639 2787 730 2859 dicat
756 2787 929 2860 hominem
964 2788 1008 2860 ad
1041 2787 1129 2860 hane
1153 2789 1432 2860 illuminationem
1463 2812 1502 2860 se
1537 2809 1657 2884 parare
1686 2789 1837 2869 debere,
1872 2809 1968 2859 more
1991 2809 2111 2881 syner-

583 2892 746 2984 gistamm
773 2890 919 2976 docere,
949 2891 1025 2962 siue
1051 2891 1114 2961 Dei
1139 2891 1267 2962 verbo:
1302 2890 1368 2963 hoc
1404 2889 1635 2963 enthusiastae
1659 2890 1805 2974 docent;
1840 2911 1943 2981 quam
1971 2889 2111 2981 quidem

584 2993 763 3065 formulam
800 2991 891 3086 apud
920 2991 1100 3065 Arndtium
1139 2993 1279 3065 omnino
1312 3015 1381 3064 nou
1413 2993 1569 3084 legimus.
1622 2994 1754 3065 Deinde
1786 2991 1954 3064 Osiander
1989 2990 2110 3086 pergit,

583 3117 683 3176 eum,
709 3096 769 3186 qui
790 3095 932 3176 doceat,
958 3096 990 3166 in
1019 3095 1191 3167 nobismet
1216 3095 1299 3190 ipsis
1327 3096 1440 3166 inesse
1465 3096 1559 3166 vires
1585 3095 1629 3168 ad
1656 3094 1744 3166 hanc
1771 3093 2051 3165 illuminationem
2078 3094 2112 3163 in

585 3218 648 3268 nos
674 3197 943 3291 suscipiendam,
981 3219 1060 3268 esse
1089 3197 1323 3288 Pelagianum,
1351 3197 1617 3288 Weigelianum,
1647 3196 1909 3277 scholasticum,
1938 3195 2111 3266 lesuitam.

584 3299 711 3370 Verba:
749 3299 892 3380 „Omnia
919 3299 1010 3370 enim
1037 3300 1128 3370 intus
1160 3321 1208 3370 ex
1239 3298 1312 3372 Deo
1349 3300 1560 3371 scaturiunt‘
1594 3299 1763 3373 Osiander
1796 3299 1945 3392 explicat
1971 3295 2035 3369 hac
2061 3319 2114 3368 ra·

584 3401 697 3471 tione:
734 3402 856 3482 „Diess
882 3403 927 3472 ist
953 3423 1023 3472 nun
1050 3424 1089 3473 so
1116 3398 1202 3482 hell,
1230 3400 1303 3472 lrlar
1329 3401 1397 3472 und
1421 3400 1563 3473 deutsch
1591 3399 1928 3480 Schweuktetdiseh,
1965 3398 2113 3471 dossas

585 3500 718 3585 „heller
743 3503 813 3575 und
839 3503 951 3574 lrlttrer
974 3500 1066 3574 nicht
1093 3504 1167 3574 sein
1185 3502 1349 3576 konnte.“
1403 3503 1504 3587 Quid,
1533 3503 1682 3596 inquam,
1709 3501 2113 3592 Osiendroobjiciamus‘?

582 3603 670 3677 Nihil
707 3606 872 3700 amplius,
904 3624 1007 3698 quam
1049 3605 1143 3697 quod
1177 3605 1247 3695 jam
1285 3615 1385 3678 antea
1426 3606 1594 3687 diximus,
1636 3629 1699 3679 nos
1740 3606 1833 3677 nullo
1874 3604 1950 3676 loco
1984 3605 2112 3695 legere,

583 3705 762 3778 rlrndtium
788 3707 926 3788 docere,
950 3704 1124 3778 bominem
1149 3729 1169 3777 a
1196 3707 1269 3779 Deo
1293 3709 1367 3780 sine
1395 3707 1528 3788 mediis,
1553 3709 1662 3780 verbo
1687 3707 1808 3779 divino
1834 3727 1903 3777 non
1928 3703 2112 3786 mediante,

583 3809 776 3880 illuminari.

682 3910 779 3982 Falsa
805 3909 967 3982 docuisse
992 3911 1156 3983 Amdtius
1182 3911 1307 3983 dicitur
1326 3909 1371 3980 de
1397 3909 1465 3982 lide
1491 3911 1611 3984 beatos
1637 3933 1702 3983 nos
1723 3907 1890 3983 reddente
1901 3905 1964 4002 ³⁴).
2010 3910 2115 3981 Recte
2227 3938 2229 3944 ·

580 4012 709 4102 judicat
727 4011 906 4094 Osiander,
932 4014 1124 4094 Arndtium,
1152 4015 1181 4084 si
1208 4013 1253 4085 de
1276 4011 1431 4084 doctrina
1457 4011 1536 4085 fidei
1564 4013 1648 4085 salsa
1672 4013 1838 4094 docuerit,
1867 4014 1968 4083 etiam
1988 4011 2114 4084 doctri·

584 4135 661 4184 nam
696 4115 741 4186 de
774 4113 1014 4204 justificatione
1050 4113 1198 4188 hominis
1231 4135 1347 4186 coram
1373 4115 1446 4187 Deo
1480 4125 1679 4210 pervertere
1705 4114 1880 4186 debuisse.
1933 4114 2115 4187 Amdtium

584 4227 722 4288 accusat
761 4237 866 4288 sensu
896 4218 1060 4312 papistico
1092 4217 1242 4298 dixisse,
1284 4238 1348 4288 nos
1381 4216 1551 4290 Christum
1594 4219 1629 4288 in
1665 4215 1733 4288 lide
1772 4217 1870 4309 sequi
1906 4217 2036 4290 debere
2049 4211 2112 4304 3⁵).

584 4317 748 4390 Arndtius
773 4317 881 4399 affert,
909 4319 1078 4392 Christum
1106 4318 1269 4392 habuisse
1295 4317 1399 4390 fidem
1420 4320 1679 4400 validissimam,
1707 4319 1880 4412 quoniam,
1907 4340 2115 4413 quamquam

584 4445 603 4490 a
624 4421 696 4492 Deo
724 4419 881 4491 desertus
905 4443 984 4494 esse
998 4421 1185 4503 videretur,
1213 4433 1326 4493 tamen
1341 4422 1448 4494 Deum
1477 4421 1704 4494 nominaverit
1732 4443 1831 4493 suum
1846 4420 1966 4493 Deum.
2020 4423 2114 4492 llanc

677 4673 718 4756 ³¹)
740 4681 778 4736 lta
801 4681 820 4743 l,
839 4682 929 4737 cll.
953 4699 980 4753 p.
998 4683 1089 4739 trab.
1112 4684 1203 4741 raab.
1228 4711 1265 4724 -
1353 4679 1393 4759 ³²}
1417 4683 1611 4740 Osiander,
1637 4701 1662 4756 p.
1679 4685 1754 4750 adh
1789 4684 1912 4739 varen.
1935 4685 1973 4750 ll,
1996 4683 2114 4755 p.3l2;

584 4764 906 4836 Egard.p.t82.—
978 4760 1414 4842 ³³)tll,c.tt.p.³³ta.-
1496 4763 1757 4846 ³⁴)0stunder.
1782 4765 2061 4841 p.290;Egard.
2086 4784 2113 4840 p.

590 4850 662 4918 t5'l;
689 4849 789 4906 Veron.
810 4853 841 4916 tt,
866 4869 891 4925 p.
906 4854 974 4912 252.
999 4879 1035 4894 -
1098 4847 1138 4931 ³⁵)
1162 4856 1192 4920 ll,
1218 4855 1300 4910 cll.
1323 4868 1351 4924 p.
1368 4855 1462 4910 rath.
