4770 6086
1009 651 1055 726 57

264 855 370 939 „illud
411 875 513 928 ame
537 878 683 949 meoque
723 857 757 926 in
792 856 935 929 edendis
970 858 1071 930 etiam
1107 857 1257 954 epistolis
1292 855 1346 928 his
1379 857 1521 930 consilio
1535 855 1637 946 111).“
1699 858 1789 928 lnter

263 960 387 1040 libros,
427 959 582 1051 quirem
608 958 709 1030 nobis
734 959 941 1053 propositam
965 969 1107 1032 tractant
1132 969 1167 1032 et
1192 961 1395 1054 explanant,
1433 959 1507 1032 sive
1534 960 1620 1032 locis
1641 980 1687 1030 ex
1713 959 1788 1030 aliis

263 1059 399 1154 scriptis
424 1061 586 1141 laudatis,
619 1061 694 1132 sive
722 1060 821 1131 novis
852 1060 956 1132 rebus
983 1063 1121 1156 prolatis
1133 1059 1217 1150 111),
1252 1061 1447 1134 nominandi
1470 1071 1549 1132 sunt
1574 1059 1626 1133 hi:
1657 1060 1786 1142 Gleieh,

263 1163 424 1235 trifolium
450 1161 691 1244 Arndtianum
727 1161 859 1254 Vitebg.
889 1162 997 1234 17111.
1027 1163 1080 1248 1.,
1116 1173 1313 1261 praeterea:
1355 1163 1584 1246 „Arndtiauos
1610 1164 1716 1238 libros
1742 1163 1786 1236 de

265 1285 374 1348 „vero
390 1262 648 1336 Christianismo
672 1263 830 1359 praeside
848 1264 1081 1358 Wernsdorfio
1099 1265 1310 1339 examinabit
1323 1266 1431 1346 Eleus,
1458 1264 1590 1357 Vitebg.
1604 1266 1711 1336 17111.
1740 1265 1785 1344 lt„

265 1388 387 1463 porro:
414 1365 592 1448 „Scharflii
613 1367 887 1460 supplementum
905 1365 1067 1440 historiae
1083 1369 1219 1462 litisque
1235 1368 1443 1442 Arndtianae
1465 1367 1713 1458 vitebgatat.
1726 1368 1785 1441 8.“

265 1469 337 1552 Qua
363 1467 408 1540 de
433 1489 556 1542 caussa
583 1469 684 1540 etiam
718 1469 776 1561 qni
799 1469 923 1563 scripta
945 1469 1080 1542 Amdtii
1112 1481 1230 1567 postea
1258 1470 1454 1551 ediderunt,
1496 1491 1563 1540 non
1590 1466 1786 1564 praetermi-

264 1579 392 1651 serunt,
420 1593 488 1652 res,
515 1571 560 1644 de
586 1570 711 1663 quibus
736 1571 991 1664 disputabatur,
1018 1571 1053 1644 in
1073 1573 1325 1667 prolegomenis
1349 1582 1510 1656 tracture3
1547 1571 1591 1642 ita
1610 1571 1784 1653 Buddeus‚

263 1673 507 1755 Diamounas,
544 1670 781 1744 Rambachius.
835 1671 904 1744 Eos
940 1673 1066 1757 libros,
1107 1676 1165 1768 qui
1197 1697 1265 1747 non
1296 1675 1356 1747 toti
1393 1674 1536 1745 adrem
1562 1673 1784 1746 Arndtianam

264 1783 428 1872 spectant,
455 1774 509 1847 hic
533 1774 722 1846 omisimus.

360 1877 476 1948 Altera
502 1897 624 1948 caussa
650 1876 758 1949 libros
779 1877 988 1950 Arndtianos
1021 1878 1137 1951 denuo
1163 1879 1383 1952 examinandi
1408 1888 1500 1959 erat,
1539 1877 1632 1970 quod
1659 1878 1784 1950 multae

263 1981 425 2052 librorum
452 2000 564 2052 novae
590 1977 760 2052 editiones
783 1981 838 2051 illa
862 1990 974 2052 aetate
1000 1980 1035 2049 in
1062 1981 1175 2054 lucem
1197 1981 1405 2076 prodierunt.

362 2081 545 2154 hlultorum
566 2081 719 2152 virorum
740 2081 920 2154 doctorum
945 2083 1078 2154 animus
1105 2084 1139 2154 in
1166 2105 1205 2156 se
1223 2084 1393 2155 convertit
1418 2083 1523 2156 editio
1550 2081 1713 2154 librorum
1739 2082 1783 2155 de

263 2206 346 2256 vero
373 2183 641 2255 Christianismo.
654 2184 829 2256 Stadensis
855 2205 936 2256 cura
959 2185 1176 2266 Diecmunni‚
1204 2184 1263 2278 qui
1287 2185 1321 2255 in
1347 2185 1599 2279 prolegomenis
1611 2181 1658 2276 11)
1684 2205 1784 2256 accu-

263 2287 367 2359 ratius
393 2286 437 2357 de
464 2287 568 2357 rebus
592 2287 823 2358 controversis
850 2286 1010 2359 disseruit
1036 2296 1139 2378 atque
1164 2287 1287 2358 multas
1313 2309 1369 2358 res
1384 2306 1473 2357 nova
1500 2287 1575 2358 luce
1593 2285 1782 2368 illustravit,

262 2410 331 2481 quo
358 2389 437 2460 libri
460 2387 585 2460 rectius
611 2387 890 2479 dijudicarentur.
943 2389 996 2458 Ex
1018 2389 1141 2460 eodem
1169 2399 1323 2482 tempore
1349 2389 1449 2460 nobis
1476 2398 1611 2460 servata
1638 2399 1690 2459 est
1714 2389 1784 2482 epi·

262 2501 354 2563 tome
380 2490 513 2582 collegii
533 2490 750 2573 antilanatioi,
775 2488 1041 2562 aWernsdorlio
1066 2511 1157 2562 anno
1176 2491 1272 2563 17011
1296 2488 1412 2573 babiti,
1440 2510 1541 2585 quam
1558 2488 1784 2562 Rambachius

263 2593 486 2688 apologeticis
507 2590 705 2662 Arndtianis
738 2593 902 2664 annexuit
915 2589 973 2681 11).
1027 2591 1180 2666 Eandem
1201 2593 1440 2686 quaestionem
1470 2603 1588 2687 postea
1620 2593 1655 2662 in
1682 2614 1784 2687 pecu·

264 2695 336 2766 llari
358 2694 588 2790 disputatione
612 2693 719 2765 edidit
736 2705 855 2766 auctor
871 2692 1107 2790 amplificatam
1131 2706 1165 2768 et
1180 2706 1315 2766 auctam
1328 2691 1390 2784 11),
1417 2703 1595 2791 postquam
1612 2692 1784 2766 Gleichius

263 2798 387 2870 trifolio
413 2796 601 2868 Arndtiano
628 2795 720 2868 edito
746 2796 906 2868 nonnulla
934 2798 1139 2891 explanavit
1191 2797 1262 2870 lloc
1287 2799 1450 2892 scriptum
1471 2806 1540 2868 tres
1559 2796 1720 2892 epistolas
1739 2795 1783 2868 ad

263 2899 471 2972 Piscatorem
505 2897 602 2970 datas
634 2899 866 2992 amplectitur,
909 2900 985 2972 loco
1020 2899 1219 2994 appendicis
1252 2920 1409 2972 annexae
1444 2907 1523 2970 suut
1553 2899 1684 2970 litterae
1710 2895 1783 2969 lob.

264 3002 429 3074 Gerhardi
460 3021 552 3072 anno
577 2999 672 3072 teau
701 3000 745 3072 ad
771 3001 942 3072 llunuium
964 3011 1168 3096 conceptae,
1202 3022 1290 3094 quae
1316 3002 1522 3074 documenta
1556 3001 1659 3072 etiam
1683 2997 1783 3070 llelrt·

265 3126 424 3200 meyerus
456 3103 620 3174 historiae
657 3123 741 3176 suae
775 3103 1029 3176 ecclesiastieae
1062 3104 1303 3176 Brunsvicensi
1333 3103 1475 3176 inseruit
1490 3098 1550 3194 11).
1618 3102 1785 3196 lmprimis

265 3207 384 3279 litteris
406 3205 571 3278 Gerhardi
596 3205 641 3276 ad
667 3205 849 3296 aegidium
872 3206 1043 3279 lluuuium
1065 3207 1246 3298 divulgatis
1261 3204 1309 3299 16)
1343 3205 1532 3276 adversarii
1557 3202 1690 3276 Arndtii
1714 3213 1785 3276 ute·

264 3309 400 3389 bantur,
425 3308 550 3402 quibus
576 3307 684 3379 libros
711 3309 800 3378 illius
826 3307 1067 3402 improbarent
1121 3305 1316 3380 Gerhardus
1342 3307 1536 3390 „nondum,
1563 3308 1682 3398 inquit,
1709 3328 1785 3400 per·

267 3410 428 3513 „suaderi
451 3431 602 3504 possum,
631 3421 667 3480 ut
692 3409 842 3490 credam,
870 3410 981 3502 ipsum
1008 3412 1127 3505 spiritu
1153 3412 1299 3483 lanatico
1324 3421 1436 3482 autum
1458 3408 1550 3480 aliud
1572 3430 1633 3480 ore
1656 3409 1785 3503 proles-

267 3535 377 3594 ,‚sum‚
402 3512 493 3585 aliud
521 3533 605 3582 vero
629 3511 736 3584 corde
765 3513 919 3584 clausum
945 3513 1115 3597 tenuisse,
1143 3535 1247 3605 quum
1272 3513 1318 3583 ab
1342 3510 1516 3606 hypocrisi
1541 3532 1678 3605 semper
1703 3508 1784 3580 mibi

268 3615 388 3696 „visus
410 3615 472 3685 luit
494 3613 638 3684 alienus.
692 3614 829 3686 Interim
863 3635 930 3684 non
962 3611 1109 3686 diffiteor
1144 3616 1177 3686 in
1210 3615 1317 3710 ipsius
1349 3614 1481 3709 seriptis
1519 3613 1563 3685 de
1584 3635 1669 3684 vero
1693 3611 1785 3684 Chri-

268 3718 467 3795 „stiauismo
493 3715 671 3806 ambiguas
693 3725 728 3788 et
755 3715 893 3808 quidem
916 3715 1086 3806 ejusmodi
1113 3716 1255 3811 phrases
1269 3717 1464 3811 complures
1478 3737 1670 3797 occurrere,
1696 3734 1786 3806 quae

268 3819 327 3899 „in
341 3819 587 3909 Weigeliauum
611 3840 752 3899 sensum
777 3815 863 3888 trahi
889 3818 988 3889 lacile
1011 3830 1154 3912 possunt
1166 3816 1250 3910 11).“
1302 3817 1418 3899 Vides,
1446 3838 1535 3911 quae
1550 3818 1672 3889 luerint
1692 3836 1786 3890 arma

267 3920 541 3994 adversariorum
567 3919 720 4001 Arndtii,
753 3941 843 4013 quac
870 3942 917 3991 ex
939 3922 1080 4014 epistola
1106 3921 1336 3994 Gerhardiana
1360 3921 1539 4014 petierunt.
1591 3916 1786 3990 Gerhardus

267 4023 445 4096 Arndtium
469 4023 734 4113 Weigelianismi
757 4022 896 4094 minime
922 4043 1019 4094 reum
1043 4047 1123 4097 esse
1147 4023 1250 4107 dicit,
1284 4023 1442 4117 quamvis
1467 4022 1541 4112 eius
1564 4020 1728 4112 judicium
1750 4021 1785 4090 in

355 4259 409 4342 nn)
438 4265 593 4323 scharll.
625 4282 652 4338 p.
667 4269 693 4321 6.
717 4293 755 4306 -
825 4257 891 4340 1111).
920 4264 956 4320 Ut
985 4263 1075 4321 libros
1098 4267 1275 4330 omittamus,
1306 4281 1380 4338 quus
1409 4277 1469 4319 non
1499 4263 1702 4334 cognoscimus
1732 4263 1787 4316 nisi

268 4351 346 4425 apud
366 4351 438 4408 alius
459 4352 614 4422 scriptores
635 4353 749 4415 citatos,
784 4349 821 4405 ita
845 4349 976 4408 Gsubii
998 4349 1145 4406 historiam
1166 4349 1351 4406 Arndtlanam
1383 4349 1429 4404 vel
1448 4347 1576 4405 Stolzii
1597 4345 1726 4403 libellum
1749 4344 1786 4400 de

269 4438 383 4509 scriptis
403 4434 580 4500 amaturis,
612 4451 688 4494 anuo
714 4436 788 4490 llll
825 4433 941 4492 editum.
966 4463 1004 4474 -
1081 4428 1118 4511 11)
1146 4435 1224 4492 llanc
1252 4435 1460 4506 praelationem
1487 4433 1572 4490 etism
1600 4432 1731 4488 invenies
1755 4431 1786 4485 in

270 4521 344 4578 libro
366 4522 601 4586 Diecmanni,
635 4521 764 4576 teutsche
787 4519 946 4586 Sabrinam
974 4525 1041 4574 tum.
1070 4521 1101 4576 11.
1132 4536 1159 4591 p.
1181 4521 1374 4578 tat-23².
1405 4549 1443 4560 -
1484 4511 1486 4515 ’
1520 4511 1558 4592 13)
1587 4513 1785 4578 humbech,

269 4613 337 4662 tom.
358 4607 402 4662 ΙΙΙ.
425 4621 452 4677 p.
468 4604 583 4662 tutan.
608 4635 646 4645 -
714 4598 751 4680 ¹⁴)
774 4601 863 4660 Etiam
886 4605 916 4659 in
940 4603 1192 4661 Wernsdurlii
1220 4602 1462 4678 disputationibus
1484 4601 1656 4660 academicis
1677 4603 1743 4654 tom.
1765 4599 1785 4654 1.
1903 4647 1910 4664 ,

269 4709 297 4764 p.
311 4693 380 4749 216.
404 4719 442 4732 -
517 4683 555 4766 11)
578 4690 819 4761 llelrtmeyeri
845 4689 1036 4760 supplement
1060 4692 1171 4762 paul.
1194 4717 1233 4730 -
1301 4683 1340 4766 11)
1367 4689 1459 4760 Quam
1486 4686 1634 4762 epistolum
1662 4683 1788 4755 primum

271 4791 303 4832 se
327 4777 358 4832 in
380 4775 475 4832 lucem
499 4773 624 4832 edidisse
637 4773 838 4831 Gleichius
858 4775 1000 4830 immerito
1022 4775 1053 4830 in
1074 4775 1253 4846 praelatione
1270 4775 1422 4848 gloriatum
1445 4789 1512 4832 uam
1526 4771 1561 4830 cl.
1575 4770 1786 4828 lllacmaum

269 4861 300 4928 ll,
325 4863 433 4933 pata.
459 4887 496 4900 —
564 4853 601 4937 17)
624 4858 863 4930 llebtmeyeri
884 4859 978 4933 suppl.
1000 4877 1028 4932 p.
1042 4861 1111 4918 137.
1564 4935 1581 4989 8
