4770 6086
1008 687 1056 760 77

263 890 465 964 sentemiam
491 889 659 962 Osiauder
685 891 730 962 ita
757 891 1015 986 interpretatur,
1042 901 1080 962 ut
1106 891 1208 972 dicat,
1237 889 1418 962 Arndtium
1446 889 1583 984 saepius
1611 891 1797 984 postulare,

262 1005 298 1065 ut
323 1014 387 1063 nos
402 991 535 1064 Christo
561 993 690 1065 similas
714 990 847 1074 fiamus,
874 1005 912 1064 ut
937 1015 1016 1064 eum
1043 1015 1105 1087 pro
1134 995 1294 1088 exemplo
1322 994 1413 1064 vitae
1429 1002 1566 1064 nostrae
1590 990 1797 1076 habeamus,

263 1116 345 1187 ergo
372 1115 436 1166 nos
462 1095 610 1166 eandem
635 1097 736 1190 plane
761 1093 864 1166 tidem
891 1094 992 1166 nobis
1019 1116 1220 1189 comparare
1248 1094 1400 1176 debere,
1428 1115 1529 1187 qnam
1560 1092 1712 1166 Christus
1738 1093 1798 1164 ha-

261 1197 384 1268 buerit.
437 1197 509 1267 lam
541 1217 627 1268 vero
656 1196 880 1268 mediatorem
906 1196 1040 1268 Christo
1063 1219 1151 1292 opus
1179 1219 1249 1268 non
1275 1199 1401 1278 luisse,
1437 1198 1518 1290 quia
1545 1197 1619 1291 ipse
1645 1195 1701 1268 hic
1725 1219 1797 1268 me·

262 1299 373 1372 diator
397 1299 515 1379 luerit,
554 1297 617 1370 sed
643 1297 803 1370 fiduciam
841 1300 875 1369 in
902 1299 976 1372 solo
1003 1299 1076 1370 Deo
1111 1301 1319 1384 collocasse,
1358 1321 1442 1391 ergo
1473 1309 1625 1370 nostram
1658 1320 1796 1391 quoque

262 1399 365 1474 iidem
393 1422 462 1471 non
488 1399 534 1471 ad
553 1399 722 1472 Christum
746 1401 890 1494 ejusque
917 1403 1036 1472 merita
1062 1423 1141 1472 sese
1165 1403 1400 1473 inclinaturam
1423 1423 1513 1480 esse,
1542 1401 1604 1472 sed
1623 1400 1667 1471 ad
1685 1401 1797 1472 solum

262 1505 394 1587 Deum,
434 1500 501 1572 hoc
536 1521 618 1596 prae
644 1502 805 1574 omnibus
832 1504 1007 1597 postulari.
1060 1505 1177 1596 ltaque
1213 1503 1333 1595 sequi,
1372 1503 1553 1574 Arndtium
1587 1503 1796 1598 papistarum

261 1605 437 1678 doctrinae
465 1625 545 1675 esse
571 1604 746 1686 deditum,
774 1605 832 1696 qui
859 1606 1088 1696 cognitionem
1114 1627 1155 1676 ac
1181 1606 1360 1678 scientiam
1386 1605 1654 1698 omnipotentiae
1682 1605 1796 1697 prori-

263 1707 467 1799 dentiaeque
495 1705 559 1776 Dei
593 1707 733 1777 maximi
767 1708 963 1778 aestiment!
1025 1707 1148 1779 Libere
1176 1705 1389 1802 profitemur,
1426 1728 1489 1777 nos
1521 1707 1653 1798 magnis
1680 1707 1713 1774 in
1737 1727 1796 1775 an-

262 1808 383 1903 gustiis
408 1809 563 1889 versari,
593 1809 674 1902 quid
702 1809 853 1880 ridiculis
886 1807 940 1880 his
965 1808 1125 1880 Osiandri
1163 1809 1383 1880 oratiunculis
1416 1808 1709 1903 respondeamus!
1750 1809 1794 1877 cl'.

263 1915 287 1993 l,
315 1909 395 1984 αὖ.
423 1909 563 2004 plltb.

363 2012 415 2081 Ex
458 2033 541 2084 vera
579 2009 647 2084 fide
682 2033 746 2084 nos
782 2011 902 2084 beatos
949 2012 1115 2084 reddente
1149 2011 1374 2108 proficiscitur
1405 2011 1601 2105 justificatio
1633 2010 1793 2082 hominis.

263 2116 370 2200 Quam
398 2125 434 2184 ut
459 2114 686 2209 accipiamus,
727 2125 864 2209 peccata
900 2123 1016 2186 nostra
1049 2116 1191 2210 expiare
1214 2116 1382 2188 dehemus
1417 2127 1452 2187 et
1474 2125 1623 2188 mentem
1651 2113 1695 2184 ad
1723 2136 1794 2184 me·

263 2220 347 2290 liora
392 2217 533 2288 consilia
567 2207 744 2288 revocare.
806 2217 916 2286 Etiam
950 2217 994 2288 de
1034 2218 1243 2312 poenitentia
1274 2217 1438 2288 Arndtius
1472 2228 1590 2290 noster
1623 2216 1708 2288 lalsa
1733 2215 1795 2286 do·

263 2321 378 2393 cuisse
419 2317 543 2390 dicitur
560 2315 621 2413 ³⁶).
699 2318 886 2400 Osiauder,
922 2320 982 2411 qui
1025 2323 1082 2413 (p.
1109 2317 1183 2390 257
1202 2363 1252 2378 --
1272 2320 1376 2409 270.)
1421 2321 1535 2390 multis
1579 2318 1697 2389 verbis
1733 2337 1794 2388 ex-

264 2422 377 2518 ponit,
416 2439 537 2491 veram
569 2421 812 2516 poenitentiam
841 2443 886 2490 err
923 2421 1058 2492 duabus
1094 2422 1247 2516 partibus
1273 2423 1483 2503 consistere,
1521 2443 1567 2492 ex
1597 2419 1793 2510 cognitione

262 2534 481 2620 peccatorum
506 2523 780 2616 contritioneque
806 2534 840 2594 et
866 2545 912 2594 ax
939 2545 1023 2594 vera
1050 2521 1129 2604 ilde,
1157 2543 1261 2616 quam
1283 2524 1461 2596 renovatio
1487 2522 1635 2593 hominis
1662 2521 1707 2592 ad
1734 2542 1793 2592 no-

262 2647 341 2696 vam
365 2626 490 2706 vitam,
523 2625 596 2696 Deo
622 2635 773 2717 gamm,
813 2625 982 2717 agendam
1009 2637 1182 2718 sequatur,
1211 2625 1386 2698 contendit
1412 2624 1593 2696 Arndtium
1620 2645 1689 2694 non
1715 2643 1793 2694 raro

261 2728 416 2800 ordinem
443 2728 642 2817 neglexisse
666 2737 701 2798 et
724 2728 944 2822 pervertisse,
972 2729 1076 2800 immo
1103 2751 1182 2799 eum
1205 2729 1462 2800 renovationem
1479 2725 1639 2806 hominis,
1667 2745 1793 2796 novam

261 2828 492 2901 obedientiam
519 2851 581 2924 pro
610 2839 705 2922 parta
730 2830 960 2924 poenitentiae
986 2828 1168 2914 habuisse;
1205 2831 1331 2902 multos
1359 2831 1473 2902 laudat
1498 2831 1604 2900 locos.
1659 2829 1695 2898 ln
1723 2826 1794 2920 ple·

261 2933 377 3024 risque
402 2941 517 3002 tamen
543 2931 707 3002 Amdtius
744 2943 837 3003 recte
862 2932 945 3004 dicit
971 2933 1015 3002 de
1042 2932 1270 3027 poenitentia,
1305 2933 1409 3004 immo
1433 2953 1518 3004 vero
1545 2931 1682 3025 saepius
1709 2950 1793 3000 eun·

261 3033 359 3114 dem,
399 3054 503 3125 quem
529 3033 698 3106 Osiauder
718 3032 912 3114 desiderat,
952 3033 1109 3106 ordinem
1136 3034 1300 3106 describit
1311 3032 1375 3124 ³⁷).
1427 3034 1526 3105 Locis
1552 3033 1596 3103 ab
1622 3029 1791 3104 Osiandro

262 3135 444 3228 descriptis
455 3131 504 3229 ³8)
531 3136 624 3208 nullo
651 3135 756 3207 modo
779 3137 1031 3231 comprobatur,
1059 3137 1152 3230 quod
1180 3136 1326 3230 probare
1351 3136 1425 3207 vult
1450 3134 1679 3206 adversarius
1714 3131 1793 3202 Om-

264 3238 344 3309 nino
371 3237 533 3312 Amdtius
556 3260 626 3309 non
650 3237 685 3308 in
712 3238 870 3310 omnibus
898 3238 1001 3320 locis,
1029 3239 1088 3310 nbi
1113 3261 1201 3310 voce
1228 3239 1457 3332 poenitentiae
1484 3259 1568 3309 usus
1594 3247 1666 3316 est,
1694 3255 1794 3306 accu-

264 3351 335 3411 rate
360 3361 538 3434 exponere
563 3340 717 3410 voluisse
743 3339 891 3421 videtur,
919 3360 1008 3433 quae
1034 3351 1129 3412 esset
1151 3361 1232 3413 vera
1257 3340 1478 3436 poenitentia,
1506 3338 1567 3410 sed
1589 3338 1793 3432 postulasse,

264 3455 299 3512 ut
317 3441 527 3514 Christianus
552 3461 679 3514 novam
705 3443 810 3512 vitam
837 3463 941 3536 agere
968 3443 1142 3536 inciperet.
1195 3444 1458 3535 Nonnumquam
1475 3463 1547 3512 vox
1565 3440 1795 3534 poenitentiae

265 3543 354 3640 apud
380 3545 562 3618 Arndtium
589 3544 707 3615 latiore
732 3565 836 3616 sensu
863 3557 1058 3640 usurpatur,
1087 3546 1146 3638 qui
1173 3546 1413 3616 contritionem
1436 3555 1471 3615 et
1499 3541 1794 3633 regenerationem

264 3647 403 3718 notione
435 3667 540 3718 verae
574 3645 805 3742 poenitentiae
837 3647 1082 3742 complectitur.
1142 3647 1320 3719 Praeterea
1356 3669 1402 3718 ex
1428 3667 1522 3717 nexu
1549 3644 1794 3716 sententiarum

264 3749 508 3841 intelligemus,
547 3769 636 3842 quae
668 3757 788 3820 auctor
814 3769 936 3821 revera
970 3748 1088 3820 dicere
1118 3748 1276 3820 voluerit.
1328 3748 1428 3832 Quod
1462 3745 1625 3818 Amdtius
1651 3746 1725 3840 ipse
1761 3745 1795 3814 in

264 3851 340 3922 loco
367 3853 390 3932 l,
417 3874 447 3922 c.
464 3851 524 3923 39.
552 3849 707 3946 pilia
733 3851 841 3922 verba
859 3851 992 3922 Tauleri
1017 3850 1176 3945 explicat,
1201 3851 1283 3922 satis
1305 3849 1437 3945 probat,
1464 3871 1544 3921 eum
1572 3849 1664 3918 omni
1690 3845 1795 3918 modo

265 3951 300 4024 id
325 3952 510 4036 studuisse,
537 3962 574 4022 ut
599 3951 706 4024 verba
731 3963 766 4022 et
791 3954 979 4024 sententias
1005 3952 1049 4023 ab
1073 3974 1192 4024 errore
1217 3961 1375 4036 caveret,
1397 3971 1501 4045 quam
1525 3949 1664 4042 quidem
1685 3949 1795 4043 expli·

264 4056 435 4127 cntionem
452 4055 620 4127 Osiauder
648 4059 698 4148 [p.
718 4051 823 4144 275.)
854 4065 1047 4150 nuncupat:
1077 4055 1203 4137 „einen
1222 4053 1381 4134 Kleister,
1407 4053 1471 4126 der
1494 4052 1551 4123 die
1568 4051 1676 4124 Sache
1703 4049 1796 4124 nicht.

266 4155 526 4240 „verstreicht.“

365 4259 438 4332 Alia
465 4258 625 4334 Osiandri
656 4259 846 4332 criminatio
879 4269 947 4330 tam
973 4259 1061 4330 levis
1088 4269 1122 4330 et
1155 4258 1284 4331 insulsa
1307 4270 1382 4338 est,
1422 4269 1458 4328 ut
1479 4257 1541 4326 vix
1566 4255 1675 4326 verbo
1702 4277 1794 4327 com·

264 4363 448 4434 memorari
473 4371 646 4434 mereatur
664 4357 724 4450 ³⁹).
776 4361 873 4432 Putat
891 4360 1072 4432 Arndtium
1090 4357 1290 4459 docerem),
1317 4359 1555 4432 remissionem
1577 4366 1794 4452 peecatorum

349 4545 391 4628 ³⁶)
414 4549 467 4608 Os
491 4554 727 4624 padi-²823
755 4551 879 4622 Egard.
903 4555 1017 4627 p.tta;
1047 4556 1162 4626 llyster.
1186 4553 1254 4623 iniq.
1278 4552 1398 4624 p.2l7;
1421 4551 1550 4606 Varen.
1573 4552 1611 4616 ll,
1640 4549 1734 4620 pttlt
1753 4575 1791 4588 --

266 4640 342 4696 266.
359 4667 397 4678 -
461 4629 503 4711 ³⁷]
525 4638 544 4702 l,
570 4637 635 4693 cl.
659 4654 686 4709 p.
704 4639 773 4696 tta.
801 4636 878 4707 ⁴3b3
901 4643 967 4696 o.8.
992 4639 1117 4712 p.2lb;
1141 4639 1176 4695 el.
1192 4637 1333 4709 imprimis
1355 4637 1387 4703 ll,
1411 4651 1434 4691 c.
1450 4639 1477 4690 a.
1500 4633 1639 4707 p.t5tb;
1663 4635 1706 4698 lll,
1730 4636 1793 4688 ot.

264 4722 400 4794 parth.
424 4751 462 4764 -
528 4715 570 4799 ³⁸)
592 4724 670 4779 Inter
692 4723 763 4778 ulios
785 4723 866 4780 locos
886 4726 905 4790 1,
930 4739 954 4780 o.
974 4725 1000 4781 i.
1023 4741 1051 4796 p.
1068 4723 1149 4793 l2b3
1174 4738 1198 4778 c.
1215 4725 1242 4778 8.
1265 4719 1386 4794 p.2lb;
1410 4721 1497 4778 cat.
1523 4735 1549 4791 p.
1568 4721 1644 4784 58a3
1667 4719 1698 4782 ll,
1723 4731 1748 4772 c.
1765 4720 1791 4770 6.

264 4806 407 4880 μιιιιις
431 4808 465 4864 ol.
490 4813 640 4878 praeterea
662 4810 681 4874 l,
706 4811 792 4864 cdl.
816 4807 946 4880 patim
968 4811 987 4876 l,
1009 4813 1094 4866 cat.
1116 4826 1145 4881 p.
1162 4810 1254 4863 tlla.
1278 4835 1317 4848 -
1390 4799 1432 4880 ³⁹)
1457 4802 1646 4860 Osiauder.
1670 4819 1698 4874 p.
1713 4804 1792 4862 295:

263 4892 439 4964 ligandus.
463 4893 579 4964 p.toa;
608 4893 797 4950 Veranius.
819 4894 850 4960 ll,
874 4895 1092 4967 pllio-267.
1118 4921 1156 4936 -
1222 4885 1265 4970 ⁴⁰]
1287 4893 1319 4960 ll,
1344 4893 1408 4948 o.8.
1432 4905 1459 4961 p.
1475 4887 1571 4946 toth.
