<?xml version="1.0" encoding="UTF-8"?>
<!DOCTYPE html PUBLIC "-//W3C//DTD XHTML 1.0 Transitional//EN"
    "http://www.w3.org/TR/xhtml1/DTD/xhtml1-transitional.dtd">
<html xmlns="http://www.w3.org/1999/xhtml" xml:lang="en" lang="en">
 <head>
  <title>
</title>
<meta http-equiv="Content-Type" content="text/html;charset=utf-8" />
  <meta name='ocr-system' content='tesseract 3.04.00' />
  <meta name='ocr-capabilities' content='ocr_page ocr_carea ocr_par ocr_line ocrx_word'/>
</head>
<body>
  <div class='ocr_page' id='page_1' title='image "./dejohannearndti00pertgoog_0098.png"; bbox 0 0 4770 6086; ppageno 0'>
   <div class='ocr_carea' id='block_1_1' title="bbox 1017 1387 1657 1483">
    <p class='ocr_par' dir='ltr' id='par_1_1' title="bbox 1017 1387 1657 1483">
     <span class='ocr_line' id='line_1_1' title="bbox 1017 1387 1657 1483; baseline 0.008 -12"><span class='ocrx_word' id='word_1_1' title='bbox 1017 1387 1254 1474; x_wconf 72' lang='lat' dir='ltr'>cnl’un*</span> <span class='ocrx_word' id='word_1_2' title='bbox 1287 1387 1657 1483; x_wconf 66' lang='lat' dir='ltr'>QUARTUM.</span> 
     </span>
    </p>
   </div>
   <div class='ocr_carea' id='block_1_2' title="bbox 630 1599 2042 1840">
    <p class='ocr_par' dir='ltr' id='par_1_2' title="bbox 630 1599 2042 1840">
     <span class='ocr_line' id='line_1_2' title="bbox 630 1599 2042 1696; baseline 0.001 -22"><span class='ocrx_word' id='word_1_3' title='bbox 630 1599 753 1696; x_wconf 79' lang='lat' dir='ltr'>inn</span> <span class='ocrx_word' id='word_1_4' title='bbox 781 1600 1018 1674; x_wconf 83' lang='grc' dir='ltr'>ΜΟΜΕΝΤΙ</span> <span class='ocrx_word' id='word_1_5' title='bbox 1048 1603 1304 1675; x_wconf 75' lang='lat' dir='ltr'>nnaunnl‘r</span> <span class='ocrx_word' id='word_1_6' title='bbox 1335 1601 1622 1677; x_wconf 82' lang='lat' dir='ltr'><strong>THEOLOGIA</strong></span> <span class='ocrx_word' id='word_1_7' title='bbox 1651 1602 1947 1677; x_wconf 73' lang='lat' dir='ltr'>andarnaha</span> <span class='ocrx_word' id='word_1_8' title='bbox 1974 1604 2042 1676; x_wconf 86' lang='grc' dir='ltr'>ΑΙ)</span> 
     </span>
     <span class='ocr_line' id='line_1_3' title="bbox 767 1721 1833 1840; baseline 0 -46"><span class='ocrx_word' id='word_1_9' title='bbox 767 1835 768 1840; x_wconf 8' lang='lat'>¹</span> <span class='ocrx_word' id='word_1_10' title='bbox 831 1721 1083 1794; x_wconf 69' lang='lat' dir='ltr'>ntundnan</span> <span class='ocrx_word' id='word_1_11' title='bbox 1109 1721 1172 1793; x_wconf 81' lang='grc' dir='ltr'>ΕΤ</span> <span class='ocrx_word' id='word_1_12' title='bbox 1200 1721 1494 1816; x_wconf 74' lang='lat' dir='ltr'>nectustnm,</span> <span class='ocrx_word' id='word_1_13' title='bbox 1525 1721 1833 1797; x_wconf 83' lang='lat' dir='ltr'>EXPONITUR.</span> 
     </span>
    </p>
   </div>
   <div class='ocr_carea' id='block_1_3' title="bbox 570 2050 2098 3501">
    <p class='ocr_par' dir='ltr' id='par_1_3' title="bbox 572 2050 2098 2993">
     <span class='ocr_line' id='line_1_4' title="bbox 678 2050 2096 2177; baseline 0.001 -25"><span class='ocrx_word' id='word_1_14' title='bbox 678 2050 864 2155; x_wconf 68' lang='lat' dir='ltr'>conaturi</span> <span class='ocrx_word' id='word_1_15' title='bbox 890 2082 1083 2154; x_wconf 78' lang='lat' dir='ltr'><strong>accuratius</strong></span> <span class='ocrx_word' id='word_1_16' title='bbox 1109 2083 1313 2175; x_wconf 83' lang='lat' dir='ltr'>exquirere,</span> <span class='ocrx_word' id='word_1_17' title='bbox 1341 2085 1477 2177; x_wconf 89' lang='lat' dir='ltr'>qualem</span> <span class='ocrx_word' id='word_1_18' title='bbox 1504 2084 1573 2154; x_wconf 90' lang='lat' dir='ltr'>vim</span> <span class='ocrx_word' id='word_1_19' title='bbox 1601 2082 1792 2156; x_wconf 88' lang='lat' dir='ltr'>sententiae</span> <span class='ocrx_word' id='word_1_20' title='bbox 1819 2081 2025 2156; x_wconf 82' lang='lat' dir='ltr'>Arndtianae</span> <span class='ocrx_word' id='word_1_21' title='bbox 2052 2083 2096 2154; x_wconf 93' lang='lat' dir='ltr'>ad</span> 
     </span>
     <span class='ocr_line' id='line_1_5' title="bbox 572 2184 2096 2281; baseline 0.001 -25"><span class='ocrx_word' id='word_1_22' title='bbox 572 2187 733 2281; x_wconf 91' lang='lat' dir='ltr'>pietatem</span> <span class='ocrx_word' id='word_1_23' title='bbox 760 2195 795 2256; x_wconf 90' lang='lat' dir='ltr'>et</span> <span class='ocrx_word' id='word_1_24' title='bbox 824 2185 1005 2258; x_wconf 90' lang='lat' dir='ltr'>ecclesiam</span> <span class='ocrx_word' id='word_1_25' title='bbox 1031 2186 1270 2268; x_wconf 90' lang='lat' dir='ltr'>exercuerint,</span> <span class='ocrx_word' id='word_1_26' title='bbox 1310 2185 1354 2257; x_wconf 89' lang='lat' dir='ltr'>de</span> <span class='ocrx_word' id='word_1_27' title='bbox 1381 2207 1422 2257; x_wconf 88' lang='lat' dir='ltr'>ea</span> <span class='ocrx_word' id='word_1_28' title='bbox 1449 2187 1579 2258; x_wconf 90' lang='lat' dir='ltr'>ratione</span> <span class='ocrx_word' id='word_1_29' title='bbox 1607 2185 1772 2281; x_wconf 84' lang='lat' dir='ltr'>imprimis</span> <span class='ocrx_word' id='word_1_30' title='bbox 1798 2184 2010 2258; x_wconf 83' lang='lat' dir='ltr'>disseramus</span> <span class='ocrx_word' id='word_1_31' title='bbox 2037 2207 2096 2258; x_wconf 91' lang='lat' dir='ltr'>ne·</span> 
     </span>
     <span class='ocr_line' id='line_1_6' title="bbox 573 2285 2097 2382; baseline -0.002 -23"><span class='ocrx_word' id='word_1_32' title='bbox 573 2309 672 2360; x_wconf 88' lang='lat' dir='ltr'>cesse</span> <span class='ocrx_word' id='word_1_33' title='bbox 689 2297 751 2367; x_wconf 90' lang='lat' dir='ltr'>est,</span> <span class='ocrx_word' id='word_1_34' title='bbox 780 2308 826 2357; x_wconf 90' lang='lat' dir='ltr'>ex</span> <span class='ocrx_word' id='word_1_35' title='bbox 836 2309 902 2380; x_wconf 91' lang='lat' dir='ltr'>qua</span> <span class='ocrx_word' id='word_1_36' title='bbox 925 2285 970 2358; x_wconf 90' lang='lat' dir='ltr'>de</span> <span class='ocrx_word' id='word_1_37' title='bbox 996 2308 1034 2358; x_wconf 89' lang='lat' dir='ltr'>re</span> <span class='ocrx_word' id='word_1_38' title='bbox 1060 2285 1159 2358; x_wconf 90' lang='lat' dir='ltr'>nobis</span> <span class='ocrx_word' id='word_1_39' title='bbox 1186 2289 1356 2382; x_wconf 89' lang='lat' dir='ltr'>proposita</span> <span class='ocrx_word' id='word_1_40' title='bbox 1382 2287 1547 2378; x_wconf 87' lang='lat' dir='ltr'>judicium</span> <span class='ocrx_word' id='word_1_41' title='bbox 1574 2297 1769 2358; x_wconf 87' lang='lat' dir='ltr'>statuamus</span> <span class='ocrx_word' id='word_1_42' title='bbox 1824 2285 1921 2372; x_wconf 84' lang='lat' dir='ltr'>Quod</span> <span class='ocrx_word' id='word_1_43' title='bbox 1945 2287 2017 2378; x_wconf 88' lang='lat' dir='ltr'>jam</span> <span class='ocrx_word' id='word_1_44' title='bbox 2038 2308 2097 2356; x_wconf 89' lang='lat' dir='ltr'>an·</span> 
     </span>
     <span class='ocr_line' id='line_1_7' title="bbox 572 2387 2098 2484; baseline 0 -24"><span class='ocrx_word' id='word_1_45' title='bbox 572 2405 627 2462; x_wconf 89' lang='lat' dir='ltr'>tea</span> <span class='ocrx_word' id='word_1_46' title='bbox 654 2389 877 2484; x_wconf 84' lang='lat' dir='ltr'>exposuimus</span> <span class='ocrx_word' id='word_1_47' title='bbox 910 2387 966 2460; x_wconf 88' lang='lat' dir='ltr'>hic</span> <span class='ocrx_word' id='word_1_48' title='bbox 1000 2389 1120 2460; x_wconf 90' lang='lat' dir='ltr'>iterum</span> <span class='ocrx_word' id='word_1_49' title='bbox 1151 2389 1334 2462; x_wconf 86' lang='lat' dir='ltr'>afferamus</span> <span class='ocrx_word' id='word_1_50' title='bbox 1360 2390 1478 2470; x_wconf 89' lang='lat' dir='ltr'>liceat,</span> <span class='ocrx_word' id='word_1_51' title='bbox 1526 2412 1609 2471; x_wconf 93' lang='lat' dir='ltr'>nos,</span> <span class='ocrx_word' id='word_1_52' title='bbox 1646 2389 1676 2462; x_wconf 91' lang='lat' dir='ltr'>si</span> <span class='ocrx_word' id='word_1_53' title='bbox 1701 2389 1745 2461; x_wconf 89' lang='lat' dir='ltr'>ad</span> <span class='ocrx_word' id='word_1_54' title='bbox 1778 2411 1851 2460; x_wconf 91' lang='lat' dir='ltr'>rem</span> <span class='ocrx_word' id='word_1_55' title='bbox 1876 2389 2098 2461; x_wconf 83' lang='lat' dir='ltr'>Arndtianam</span> 
     </span>
     <span class='ocr_line' id='line_1_8' title="bbox 573 2491 2097 2586; baseline -0.001 -23"><span class='ocrx_word' id='word_1_56' title='bbox 573 2501 784 2585; x_wconf 77' lang='lat' dir='ltr'>spectamus,</span> <span class='ocrx_word' id='word_1_57' title='bbox 817 2491 1055 2583; x_wconf 89' lang='lat' dir='ltr'>quaestionem</span> <span class='ocrx_word' id='word_1_58' title='bbox 1091 2491 1287 2564; x_wconf 87' lang='lat' dir='ltr'>universam</span> <span class='ocrx_word' id='word_1_59' title='bbox 1323 2491 1514 2583; x_wconf 83' lang='lat' dir='ltr'>intelligere</span> <span class='ocrx_word' id='word_1_60' title='bbox 1536 2514 1606 2565; x_wconf 94' lang='lat' dir='ltr'>non</span> <span class='ocrx_word' id='word_1_61' title='bbox 1632 2513 1755 2586; x_wconf 89' lang='lat' dir='ltr'>posse,</span> <span class='ocrx_word' id='word_1_62' title='bbox 1801 2491 1867 2564; x_wconf 92' lang='lat' dir='ltr'>nisi</span> <span class='ocrx_word' id='word_1_63' title='bbox 1894 2513 1964 2562; x_wconf 91' lang='lat' dir='ltr'>non</span> <span class='ocrx_word' id='word_1_64' title='bbox 1986 2491 2097 2562; x_wconf 92' lang='lat' dir='ltr'>solum</span> 
     </span>
     <span class='ocr_line' id='line_1_9' title="bbox 572 2591 2097 2688; baseline 0.001 -24"><span class='ocrx_word' id='word_1_65' title='bbox 572 2594 807 2687; x_wconf 87' lang='lat' dir='ltr'>respiciamus,</span> <span class='ocrx_word' id='word_1_66' title='bbox 831 2591 1003 2684; x_wconf 91' lang='lat' dir='ltr'>quomodo</span> <span class='ocrx_word' id='word_1_67' title='bbox 1027 2602 1096 2663; x_wconf 91' lang='lat' dir='ltr'>tota</span> <span class='ocrx_word' id='word_1_68' title='bbox 1119 2593 1264 2665; x_wconf 88' lang='lat' dir='ltr'>ecclesia</span> <span class='ocrx_word' id='word_1_69' title='bbox 1283 2592 1473 2666; x_wconf 92' lang='lat' dir='ltr'>Lutherana</span> <span class='ocrx_word' id='word_1_70' title='bbox 1500 2592 1613 2664; x_wconf 87' lang='lat' dir='ltr'>adulta</span> <span class='ocrx_word' id='word_1_71' title='bbox 1640 2595 1694 2674; x_wconf 92' lang='lat' dir='ltr'>sit,</span> <span class='ocrx_word' id='word_1_72' title='bbox 1721 2593 1968 2664; x_wconf 89' lang='lat' dir='ltr'>verumetiam</span> <span class='ocrx_word' id='word_1_73' title='bbox 1995 2593 2097 2688; x_wconf 89' lang='lat' dir='ltr'>potis·</span> 
     </span>
     <span class='ocr_line' id='line_1_10' title="bbox 573 2693 2097 2790; baseline -0.001 -22"><span class='ocrx_word' id='word_1_74' title='bbox 573 2697 659 2768; x_wconf 87' lang='lat' dir='ltr'>sime</span> <span class='ocrx_word' id='word_1_75' title='bbox 691 2704 813 2766; x_wconf 91' lang='lat' dir='ltr'>statum</span> <span class='ocrx_word' id='word_1_76' title='bbox 847 2694 936 2766; x_wconf 90' lang='lat' dir='ltr'>illius</span> <span class='ocrx_word' id='word_1_77' title='bbox 970 2695 1089 2767; x_wconf 87' lang='lat' dir='ltr'>aetatis</span> <span class='ocrx_word' id='word_1_78' title='bbox 1116 2695 1229 2766; x_wconf 92' lang='lat' dir='ltr'>animo</span> <span class='ocrx_word' id='word_1_79' title='bbox 1259 2694 1529 2790; x_wconf 89' lang='lat' dir='ltr'>perpendamus,</span> <span class='ocrx_word' id='word_1_80' title='bbox 1574 2695 1608 2766; x_wconf 92' lang='lat' dir='ltr'>in</span> <span class='ocrx_word' id='word_1_81' title='bbox 1641 2715 1707 2788; x_wconf 91' lang='lat' dir='ltr'>qua</span> <span class='ocrx_word' id='word_1_82' title='bbox 1742 2693 1933 2787; x_wconf 82' lang='lat' dir='ltr'>theologiae</span> <span class='ocrx_word' id='word_1_83' title='bbox 1963 2693 2097 2767; x_wconf 82' lang='lat' dir='ltr'>Arndtii</span> 
     </span>
     <span class='ocr_line' id='line_1_11' title="bbox 572 2794 2096 2890; baseline 0 -22"><span class='ocrx_word' id='word_1_84' title='bbox 572 2797 793 2877; x_wconf 90' lang='lat' dir='ltr'>occurrimus,</span> <span class='ocrx_word' id='word_1_85' title='bbox 818 2805 920 2888; x_wconf 84' lang='lat' dir='ltr'>atque</span> <span class='ocrx_word' id='word_1_86' title='bbox 946 2794 1099 2867; x_wconf 90' lang='lat' dir='ltr'>habitum</span> <span class='ocrx_word' id='word_1_87' title='bbox 1125 2817 1308 2890; x_wconf 88' lang='lat' dir='ltr'>moresque</span> <span class='ocrx_word' id='word_1_88' title='bbox 1335 2819 1455 2869; x_wconf 89' lang='lat' dir='ltr'>eorum</span> <span class='ocrx_word' id='word_1_89' title='bbox 1472 2797 1740 2877; x_wconf 83' lang='lat' dir='ltr'>consideremus,</span> <span class='ocrx_word' id='word_1_90' title='bbox 1767 2818 1855 2888; x_wconf 93' lang='lat' dir='ltr'>quos</span> <span class='ocrx_word' id='word_1_91' title='bbox 1871 2797 2017 2870; x_wconf 89' lang='lat' dir='ltr'>ecclesia</span> <span class='ocrx_word' id='word_1_92' title='bbox 2033 2798 2096 2868; x_wconf 87' lang='lat' dir='ltr'>Lu-</span> 
     </span>
     <span class='ocr_line' id='line_1_12' title="bbox 572 2897 1075 2993; baseline -0.004 -23"><span class='ocrx_word' id='word_1_93' title='bbox 572 2897 711 2970; x_wconf 88' lang='lat' dir='ltr'>therana</span> <span class='ocrx_word' id='word_1_94' title='bbox 735 2909 805 2968; x_wconf 92' lang='lat' dir='ltr'>tum</span> <span class='ocrx_word' id='word_1_95' title='bbox 831 2899 987 2993; x_wconf 90' lang='lat' dir='ltr'>amplexa</span> <span class='ocrx_word' id='word_1_96' title='bbox 1013 2909 1075 2970; x_wconf 88' lang='lat' dir='ltr'>est.</span> 
     </span>
    </p>

    <p class='ocr_par' dir='ltr' id='par_1_4' title="bbox 570 2999 2097 3501">
     <span class='ocr_line' id='line_1_13' title="bbox 672 2999 2096 3096; baseline 0.001 -26"><span class='ocrx_word' id='word_1_97' title='bbox 672 3001 755 3071; x_wconf 86' lang='lat' dir='ltr'>Rem</span> <span class='ocrx_word' id='word_1_98' title='bbox 781 3001 989 3094; x_wconf 91' lang='lat' dir='ltr'>propositam</span> <span class='ocrx_word' id='word_1_99' title='bbox 1018 3023 1064 3072; x_wconf 88' lang='lat' dir='ltr'>ex</span> <span class='ocrx_word' id='word_1_100' title='bbox 1090 2999 1212 3094; x_wconf 91' lang='lat' dir='ltr'>triplici</span> <span class='ocrx_word' id='word_1_101' title='bbox 1242 3009 1337 3094; x_wconf 88' lang='lat' dir='ltr'>parte</span> <span class='ocrx_word' id='word_1_102' title='bbox 1365 3001 1586 3074; x_wconf 90' lang='lat' dir='ltr'>considerare</span> <span class='ocrx_word' id='word_1_103' title='bbox 1612 3020 1815 3096; x_wconf 91' lang='lat' dir='ltr'>possumus,</span> <span class='ocrx_word' id='word_1_104' title='bbox 1854 3000 1898 3070; x_wconf 90' lang='lat' dir='ltr'>ita</span> <span class='ocrx_word' id='word_1_105' title='bbox 1926 3011 1963 3072; x_wconf 93' lang='lat' dir='ltr'>ut</span> <span class='ocrx_word' id='word_1_106' title='bbox 1987 3001 2096 3096; x_wconf 92' lang='lat' dir='ltr'>primo</span> 
     </span>
     <span class='ocr_line' id='line_1_14' title="bbox 572 3101 2096 3198; baseline -0.001 -24"><span class='ocrx_word' id='word_1_107' title='bbox 572 3102 768 3196; x_wconf 88' lang='lat' dir='ltr'>prohemus,</span> <span class='ocrx_word' id='word_1_108' title='bbox 797 3101 1017 3174; x_wconf 84' lang='lat' dir='ltr'>Arndtianam</span> <span class='ocrx_word' id='word_1_109' title='bbox 1042 3101 1247 3194; x_wconf 80' lang='lat' dir='ltr'>theologiam</span> <span class='ocrx_word' id='word_1_110' title='bbox 1273 3124 1395 3175; x_wconf 86' lang='lat' dir='ltr'>revera</span> <span class='ocrx_word' id='word_1_111' title='bbox 1423 3104 1608 3173; x_wconf 86' lang='lat' dir='ltr'>maximum</span> <span class='ocrx_word' id='word_1_112' title='bbox 1635 3112 1845 3173; x_wconf 83' lang='lat' dir='ltr'>momentum</span> <span class='ocrx_word' id='word_1_113' title='bbox 1869 3102 1914 3173; x_wconf 90' lang='lat' dir='ltr'>ad</span> <span class='ocrx_word' id='word_1_114' title='bbox 1937 3103 2096 3198; x_wconf 90' lang='lat' dir='ltr'>pietatem</span> 
     </span>
     <span class='ocr_line' id='line_1_15' title="bbox 572 3202 2097 3300; baseline 0 -26"><span class='ocrx_word' id='word_1_115' title='bbox 572 3213 606 3274; x_wconf 94' lang='lat' dir='ltr'>et</span> <span class='ocrx_word' id='word_1_116' title='bbox 632 3204 811 3276; x_wconf 87' lang='lat' dir='ltr'>ecclesiam</span> <span class='ocrx_word' id='word_1_117' title='bbox 847 3203 1029 3285; x_wconf 82' lang='lat' dir='ltr'>habuisse,</span> <span class='ocrx_word' id='word_1_118' title='bbox 1065 3214 1101 3274; x_wconf 93' lang='lat' dir='ltr'>ut</span> <span class='ocrx_word' id='word_1_119' title='bbox 1133 3203 1259 3276; x_wconf 91' lang='lat' dir='ltr'>deinde</span> <span class='ocrx_word' id='word_1_120' title='bbox 1285 3205 1518 3300; x_wconf 83' lang='lat' dir='ltr'>explicemus,</span> <span class='ocrx_word' id='word_1_121' title='bbox 1552 3204 1725 3296; x_wconf 92' lang='lat' dir='ltr'>quomodo</span> <span class='ocrx_word' id='word_1_122' title='bbox 1758 3202 1833 3276; x_wconf 90' lang='lat' dir='ltr'>lieri</span> <span class='ocrx_word' id='word_1_123' title='bbox 1858 3205 2021 3300; x_wconf 91' lang='lat' dir='ltr'>potnerit,</span> <span class='ocrx_word' id='word_1_124' title='bbox 2059 3217 2097 3275; x_wconf 92' lang='lat' dir='ltr'>ut</span> 
     </span>
     <span class='ocr_line' id='line_1_16' title="bbox 572 3306 2096 3401; baseline 0 -23"><span class='ocrx_word' id='word_1_125' title='bbox 572 3307 761 3378; x_wconf 83' lang='lat' dir='ltr'>sententiae</span> <span class='ocrx_word' id='word_1_126' title='bbox 787 3306 994 3379; x_wconf 83' lang='lat' dir='ltr'>Arndtianae</span> <span class='ocrx_word' id='word_1_127' title='bbox 1020 3315 1146 3377; x_wconf 91' lang='lat' dir='ltr'>tantam</span> <span class='ocrx_word' id='word_1_128' title='bbox 1168 3307 1404 3378; x_wconf 89' lang='lat' dir='ltr'>auctoritatem</span> <span class='ocrx_word' id='word_1_129' title='bbox 1429 3307 1495 3378; x_wconf 91' lang='lat' dir='ltr'>sihi</span> <span class='ocrx_word' id='word_1_130' title='bbox 1521 3307 1805 3401; x_wconf 86' lang='lat' dir='ltr'>comparaverint,</span> <span class='ocrx_word' id='word_1_131' title='bbox 1833 3317 1871 3376; x_wconf 91' lang='lat' dir='ltr'>ut</span> <span class='ocrx_word' id='word_1_132' title='bbox 1898 3307 1998 3378; x_wconf 90' lang='lat' dir='ltr'>tertio</span> <span class='ocrx_word' id='word_1_133' title='bbox 2019 3307 2096 3378; x_wconf 92' lang='lat' dir='ltr'>loco</span> 
     </span>
     <span class='ocr_line' id='line_1_17' title="bbox 570 3407 2096 3501; baseline 0.002 -22"><span class='ocrx_word' id='word_1_134' title='bbox 570 3407 862 3489; x_wconf 89' lang='lat' dir='ltr'>demonstremus,</span> <span class='ocrx_word' id='word_1_135' title='bbox 895 3409 996 3501; x_wconf 91' lang='lat' dir='ltr'>quale</span> <span class='ocrx_word' id='word_1_136' title='bbox 1029 3409 1130 3480; x_wconf 89' lang='lat' dir='ltr'>luerit</span> <span class='ocrx_word' id='word_1_137' title='bbox 1164 3407 1230 3480; x_wconf 89' lang='lat' dir='ltr'>hoc</span> <span class='ocrx_word' id='word_1_138' title='bbox 1263 3419 1482 3482; x_wconf 87' lang='lat' dir='ltr'>momentum.</span> <span class='ocrx_word' id='word_1_139' title='bbox 1534 3409 1584 3479; x_wconf 92' lang='lat' dir='ltr'>De</span> <span class='ocrx_word' id='word_1_140' title='bbox 1616 3420 1734 3480; x_wconf 88' lang='lat' dir='ltr'>natura</span> <span class='ocrx_word' id='word_1_141' title='bbox 1760 3407 1861 3499; x_wconf 91' lang='lat' dir='ltr'>hujus</span> <span class='ocrx_word' id='word_1_142' title='bbox 1887 3408 2096 3482; x_wconf 84' lang='lat' dir='ltr'>auctoritatis</span> 
     </span>
    </p>
   </div>
   <div class='ocr_carea' id='block_1_4' title="bbox 570 3510 2204 3608">
    <p class='ocr_par' dir='ltr' id='par_1_5' title="bbox 570 3510 2204 3608">
     <span class='ocr_line' id='line_1_18' title="bbox 570 3510 2204 3608; baseline -0.001 -26"><span class='ocrx_word' id='word_1_143' title='bbox 570 3511 750 3583; x_wconf 91' lang='lat' dir='ltr'>disserturi</span> <span class='ocrx_word' id='word_1_144' title='bbox 776 3531 1000 3604; x_wconf 86' lang='lat' dir='ltr'>quaeremus,</span> <span class='ocrx_word' id='word_1_145' title='bbox 1025 3511 1160 3604; x_wconf 89' lang='lat' dir='ltr'>qualem</span> <span class='ocrx_word' id='word_1_146' title='bbox 1188 3511 1256 3581; x_wconf 91' lang='lat' dir='ltr'>vim</span> <span class='ocrx_word' id='word_1_147' title='bbox 1283 3511 1359 3583; x_wconf 89' lang='lat' dir='ltr'>libri</span> <span class='ocrx_word' id='word_1_148' title='bbox 1385 3510 1564 3582; x_wconf 82' lang='lat' dir='ltr'>Arndtiani</span> <span class='ocrx_word' id='word_1_149' title='bbox 1591 3511 1809 3583; x_wconf 88' lang='lat' dir='ltr'>exercuerint</span> <span class='ocrx_word' id='word_1_150' title='bbox 1834 3520 1868 3582; x_wconf 87' lang='lat' dir='ltr'>et</span> <span class='ocrx_word' id='word_1_151' title='bbox 1893 3510 1937 3581; x_wconf 88' lang='lat' dir='ltr'>ad</span> <span class='ocrx_word' id='word_1_152' title='bbox 1963 3510 2095 3602; x_wconf 80' lang='lat' dir='ltr'>singula</span> <span class='ocrx_word' id='word_1_153' title='bbox 2199 3599 2204 3608; x_wconf 29' lang='lat'>¹</span> 
     </span>
    </p>
   </div>
   <div class='ocr_carea' id='block_1_5' title="bbox 571 3609 2095 4094">
    <p class='ocr_par' dir='ltr' id='par_1_6' title="bbox 571 3609 2095 4094">
     <span class='ocr_line' id='line_1_19' title="bbox 571 3609 2095 3707; baseline 0 -23"><span class='ocrx_word' id='word_1_154' title='bbox 571 3613 738 3685; x_wconf 87' lang='lat' dir='ltr'>ecclesiae</span> <span class='ocrx_word' id='word_1_155' title='bbox 770 3612 922 3684; x_wconf 91' lang='lat' dir='ltr'>membra</span> <span class='ocrx_word' id='word_1_156' title='bbox 956 3624 990 3684; x_wconf 89' lang='lat' dir='ltr'>et</span> <span class='ocrx_word' id='word_1_157' title='bbox 1017 3611 1060 3684; x_wconf 93' lang='lat' dir='ltr'>ad</span> <span class='ocrx_word' id='word_1_158' title='bbox 1093 3613 1289 3684; x_wconf 89' lang='lat' dir='ltr'>universam</span> <span class='ocrx_word' id='word_1_159' title='bbox 1325 3614 1518 3686; x_wconf 89' lang='lat' dir='ltr'>ecclesiam.</span> <span class='ocrx_word' id='word_1_160' title='bbox 1576 3612 1642 3684; x_wconf 92' lang='lat' dir='ltr'>Sed</span> <span class='ocrx_word' id='word_1_161' title='bbox 1671 3613 1752 3706; x_wconf 90' lang='lat' dir='ltr'>quia</span> <span class='ocrx_word' id='word_1_162' title='bbox 1780 3611 1850 3703; x_wconf 91' lang='lat' dir='ltr'>jam</span> <span class='ocrx_word' id='word_1_163' title='bbox 1884 3609 2095 3707; x_wconf 82' lang='lat' dir='ltr'>paragrapho</span> 
     </span>
     <span class='ocr_line' id='line_1_20' title="bbox 571 3713 2095 3810; baseline -0.001 -24"><span class='ocrx_word' id='word_1_164' title='bbox 571 3715 677 3809; x_wconf 89' lang='lat' dir='ltr'>prima</span> <span class='ocrx_word' id='word_1_165' title='bbox 709 3716 899 3787; x_wconf 87' lang='lat' dir='ltr'>accuratius</span> <span class='ocrx_word' id='word_1_166' title='bbox 925 3715 1170 3809; x_wconf 88' lang='lat' dir='ltr'>descripsimus</span> <span class='ocrx_word' id='word_1_167' title='bbox 1197 3724 1320 3787; x_wconf 88' lang='lat' dir='ltr'>statum</span> <span class='ocrx_word' id='word_1_168' title='bbox 1346 3717 1435 3787; x_wconf 92' lang='lat' dir='ltr'>illius</span> <span class='ocrx_word' id='word_1_169' title='bbox 1461 3715 1597 3797; x_wconf 89' lang='lat' dir='ltr'>aetatis,</span> <span class='ocrx_word' id='word_1_170' title='bbox 1632 3713 1735 3786; x_wconf 91' lang='lat' dir='ltr'>modo</span> <span class='ocrx_word' id='word_1_171' title='bbox 1758 3713 1875 3810; x_wconf 89' lang='lat' dir='ltr'>paucis</span> <span class='ocrx_word' id='word_1_172' title='bbox 1902 3714 2019 3786; x_wconf 88' lang='lat' dir='ltr'>verbis</span> <span class='ocrx_word' id='word_1_173' title='bbox 2046 3716 2095 3784; x_wconf 92' lang='lat' dir='ltr'>al·</span> 
     </span>
     <span class='ocr_line' id='line_1_21' title="bbox 571 3815 2095 3910; baseline 0.001 -24"><span class='ocrx_word' id='word_1_174' title='bbox 571 3818 739 3898; x_wconf 91' lang='lat' dir='ltr'>lercmus,</span> <span class='ocrx_word' id='word_1_175' title='bbox 773 3818 947 3910; x_wconf 88' lang='lat' dir='ltr'>quomodo</span> <span class='ocrx_word' id='word_1_176' title='bbox 975 3817 1163 3890; x_wconf 89' lang='lat' dir='ltr'>sententiae</span> <span class='ocrx_word' id='word_1_177' title='bbox 1188 3815 1322 3890; x_wconf 82' lang='lat' dir='ltr'>Arndtii</span> <span class='ocrx_word' id='word_1_178' title='bbox 1357 3829 1483 3888; x_wconf 91' lang='lat' dir='ltr'>tantam</span> <span class='ocrx_word' id='word_1_179' title='bbox 1517 3819 1750 3890; x_wconf 87' lang='lat' dir='ltr'>auctoritatem</span> <span class='ocrx_word' id='word_1_180' title='bbox 1785 3815 1851 3888; x_wconf 89' lang='lat' dir='ltr'>sihi</span> <span class='ocrx_word' id='word_1_181' title='bbox 1887 3837 2007 3910; x_wconf 91' lang='lat' dir='ltr'>parare</span> <span class='ocrx_word' id='word_1_182' title='bbox 2035 3836 2095 3910; x_wconf 93' lang='lat' dir='ltr'>pc·</span> 
     </span>
     <span class='ocr_line' id='line_1_22' title="bbox 571 3918 2095 4015; baseline 0 -27"><span class='ocrx_word' id='word_1_183' title='bbox 571 3920 714 4005; x_wconf 82' lang='lat' dir='ltr'>tuerint3</span> <span class='ocrx_word' id='word_1_184' title='bbox 756 3919 893 4012; x_wconf 91' lang='lat' dir='ltr'>quade</span> <span class='ocrx_word' id='word_1_185' title='bbox 920 3940 1041 3992; x_wconf 87' lang='lat' dir='ltr'>caussa</span> <span class='ocrx_word' id='word_1_186' title='bbox 1068 3919 1283 3992; x_wconf 91' lang='lat' dir='ltr'>solummodo</span> <span class='ocrx_word' id='word_1_187' title='bbox 1318 3942 1364 3991; x_wconf 87' lang='lat' dir='ltr'>ex</span> <span class='ocrx_word' id='word_1_188' title='bbox 1389 3919 1516 4014; x_wconf 89' lang='lat' dir='ltr'>duplici</span> <span class='ocrx_word' id='word_1_189' title='bbox 1552 3929 1647 4015; x_wconf 91' lang='lat' dir='ltr'>parte</span> <span class='ocrx_word' id='word_1_190' title='bbox 1682 3918 1919 4011; x_wconf 88' lang='lat' dir='ltr'>quaestionem</span> <span class='ocrx_word' id='word_1_191' title='bbox 1944 3929 2095 3990; x_wconf 91' lang='lat' dir='ltr'>nostram</span> 
     </span>
     <span class='ocr_line' id='line_1_23' title="bbox 571 4021 899 4094; baseline 0.018 -6"><span class='ocrx_word' id='word_1_192' title='bbox 571 4021 744 4092; x_wconf 88' lang='lat' dir='ltr'>tractaturi</span> <span class='ocrx_word' id='word_1_193' title='bbox 770 4044 899 4094; x_wconf 88' lang='lat' dir='ltr'>sumus.</span> 
     </span>
    </p>
   </div>
   <div class='ocr_carea' id='block_1_6' title="bbox 571 4223 2094 4372">
    <p class='ocr_par' dir='ltr' id='par_1_7' title="bbox 571 4223 2094 4372">
     <span class='ocr_line' id='line_1_24' title="bbox 571 4223 2094 4301; baseline 0.002 -22"><span class='ocrx_word' id='word_1_194' title='bbox 571 4227 595 4300; x_wconf 67' lang='grc' dir='ltr'>ς.</span> <span class='ocrx_word' id='word_1_195' title='bbox 622 4229 650 4281; x_wconf 88' lang='grc'>9.</span> <span class='ocrx_word' id='word_1_196' title='bbox 692 4223 879 4284; x_wconf 76' lang='lat' dir='ltr'>Arndtianam</span> <span class='ocrx_word' id='word_1_197' title='bbox 906 4229 1078 4301; x_wconf 78' lang='lat' dir='ltr'>theologiam</span> <span class='ocrx_word' id='word_1_198' title='bbox 1106 4231 1221 4286; x_wconf 83' lang='lat' dir='ltr'>maximi</span> <span class='ocrx_word' id='word_1_199' title='bbox 1249 4231 1388 4287; x_wconf 86' lang='lat' dir='ltr'>momenti</span> <span class='ocrx_word' id='word_1_200' title='bbox 1419 4229 1507 4286; x_wconf 84' lang='lat' dir='ltr'>luisse</span> <span class='ocrx_word' id='word_1_201' title='bbox 1530 4227 1566 4285; x_wconf 86' lang='lat' dir='ltr'>ad</span> <span class='ocrx_word' id='word_1_202' title='bbox 1588 4229 1723 4301; x_wconf 77' lang='lat' dir='ltr'>pietatem</span> <span class='ocrx_word' id='word_1_203' title='bbox 1752 4232 1781 4282; x_wconf 90' lang='lat' dir='ltr'>et</span> <span class='ocrx_word' id='word_1_204' title='bbox 1803 4225 1968 4292; x_wconf 89' lang='lat' dir='ltr'>ecclesiam,</span> <span class='ocrx_word' id='word_1_205' title='bbox 2006 4241 2094 4296; x_wconf 81' lang='lat' dir='ltr'>argu-</span> 
     </span>
     <span class='ocr_line' id='line_1_25' title="bbox 1200 4315 1456 4372; baseline 0 -2"><span class='ocrx_word' id='word_1_206' title='bbox 1200 4318 1305 4372; x_wconf 90' lang='lat' dir='ltr'>mentis</span> <span class='ocrx_word' id='word_1_207' title='bbox 1327 4315 1456 4371; x_wconf 90' lang='lat' dir='ltr'>docetur.</span> 
     </span>
    </p>
   </div>
   <div class='ocr_carea' id='block_1_7' title="bbox 570 4463 2093 4660">
    <p class='ocr_par' dir='ltr' id='par_1_8' title="bbox 570 4463 2093 4660">
     <span class='ocr_line' id='line_1_26' title="bbox 669 4463 2093 4563; baseline -0.002 -27"><span class='ocrx_word' id='word_1_208' title='bbox 669 4463 789 4536; x_wconf 89' lang='lat' dir='ltr'>Merito</span> <span class='ocrx_word' id='word_1_209' title='bbox 811 4465 955 4536; x_wconf 86' lang='lat' dir='ltr'>fortasse</span> <span class='ocrx_word' id='word_1_210' title='bbox 981 4469 1148 4563; x_wconf 89' lang='lat' dir='ltr'>quispiam</span> <span class='ocrx_word' id='word_1_211' title='bbox 1168 4467 1304 4550; x_wconf 84' lang='lat' dir='ltr'>dixerit,</span> <span class='ocrx_word' id='word_1_212' title='bbox 1331 4489 1394 4540; x_wconf 90' lang='lat' dir='ltr'>nos</span> <span class='ocrx_word' id='word_1_213' title='bbox 1411 4466 1456 4538; x_wconf 92' lang='lat' dir='ltr'>de</span> <span class='ocrx_word' id='word_1_214' title='bbox 1472 4489 1510 4538; x_wconf 91' lang='lat' dir='ltr'>re</span> <span class='ocrx_word' id='word_1_215' title='bbox 1526 4464 1700 4562; x_wconf 87' lang='lat' dir='ltr'>proposita</span> <span class='ocrx_word' id='word_1_216' title='bbox 1713 4464 1905 4537; x_wconf 90' lang='lat' dir='ltr'>accuratius</span> <span class='ocrx_word' id='word_1_217' title='bbox 1921 4463 2093 4536; x_wconf 87' lang='lat' dir='ltr'>disserere</span> 
     </span>
     <span class='ocr_line' id='line_1_27' title="bbox 570 4565 2093 4660; baseline 0.001 -25"><span class='ocrx_word' id='word_1_218' title='bbox 570 4586 714 4639; x_wconf 87' lang='lat' dir='ltr'>necesse</span> <span class='ocrx_word' id='word_1_219' title='bbox 747 4587 815 4638; x_wconf 92' lang='lat' dir='ltr'>non</span> <span class='ocrx_word' id='word_1_220' title='bbox 841 4587 936 4646; x_wconf 90' lang='lat' dir='ltr'>esse,</span> <span class='ocrx_word' id='word_1_221' title='bbox 974 4569 1052 4660; x_wconf 91' lang='lat' dir='ltr'>quia</span> <span class='ocrx_word' id='word_1_222' title='bbox 1087 4581 1238 4644; x_wconf 88' lang='lat' dir='ltr'>restam</span> <span class='ocrx_word' id='word_1_223' title='bbox 1269 4570 1381 4643; x_wconf 91' lang='lat' dir='ltr'>clarae</span> <span class='ocrx_word' id='word_1_224' title='bbox 1416 4579 1521 4642; x_wconf 87' lang='lat' dir='ltr'>testes</span> <span class='ocrx_word' id='word_1_225' title='bbox 1556 4568 1624 4640; x_wconf 88' lang='lat' dir='ltr'>sint</span> <span class='ocrx_word' id='word_1_226' title='bbox 1643 4567 1687 4657; x_wconf 84' lang='lat' dir='ltr'>l).</span> <span class='ocrx_word' id='word_1_227' title='bbox 1740 4565 1782 4638; x_wconf 80' lang='lat' dir='ltr'>llt</span> <span class='ocrx_word' id='word_1_228' title='bbox 1816 4587 1938 4638; x_wconf 89' lang='lat' dir='ltr'>revera</span> <span class='ocrx_word' id='word_1_229' title='bbox 1973 4587 2093 4637; x_wconf 92' lang='lat' dir='ltr'>omncs</span> 
     </span>
    </p>
   </div>
   <div class='ocr_carea' id='block_1_8' title="bbox 657 4783 1316 4868">
    <p class='ocr_par' dir='ltr' id='par_1_9' title="bbox 657 4783 1316 4868">
     <span class='ocr_line' id='line_1_28' title="bbox 657 4783 1316 4868; baseline 0.006 -22"><span class='ocrx_word' id='word_1_230' title='bbox 657 4783 678 4866; x_wconf 82' lang='lat'>¹)</span> <span class='ocrx_word' id='word_1_231' title='bbox 701 4790 889 4849; x_wconf 86' lang='lat' dir='ltr'>llambach.</span> <span class='ocrx_word' id='word_1_232' title='bbox 912 4793 956 4860; x_wconf 90' lang='lat'>111,</span> <span class='ocrx_word' id='word_1_233' title='bbox 978 4809 1006 4866; x_wconf 89' lang='lat' dir='ltr'>p.</span> <span class='ocrx_word' id='word_1_234' title='bbox 1024 4794 1140 4866; x_wconf 77' lang='lat' dir='ltr'>⁴053a3</span> <span class='ocrx_word' id='word_1_235' title='bbox 1169 4796 1203 4852; x_wconf 86' lang='lat' dir='ltr'>cl.</span> <span class='ocrx_word' id='word_1_236' title='bbox 1225 4813 1254 4868; x_wconf 89' lang='lat' dir='ltr'>p.</span> <span class='ocrx_word' id='word_1_237' title='bbox 1269 4797 1316 4851; x_wconf 77' lang='lat'>88.</span> 
     </span>
    </p>
   </div>
   <div class='ocr_carea' id='block_1_9' title="bbox 0 0 2390 6086">
    <p class='ocr_par' dir='ltr' id='par_1_10' title="bbox 0 0 2390 6086">
     <span class='ocr_line' id='line_1_29' title="bbox 0 0 2390 6086; baseline 0 1"><span class='ocrx_word' id='word_1_238' title='bbox 0 0 2390 6086; x_wconf 95' lang='lat' dir='ltr'> </span> 
     </span>
    </p>
   </div>
  </div>
 </body>
</html>
