4874 6060
1057 689 1102 762 21

421 893 474 964 Ex
500 892 550 964 eis
576 913 666 986 quae
692 890 869 984 hucusque
894 893 1084 975 attulimus,
1121 891 1219 962 laoile
1246 891 1491 982 intelligemus,
1526 892 1691 986 imprimis
1717 891 1841 962 librum

320 996 479 1078 tertium,
519 995 643 1066 librum
670 994 923 1076 conscientiae,
962 995 1021 1087 qui
1053 994 1122 1087 agit
1148 993 1192 1065 de
1219 1015 1325 1087 regno
1348 994 1410 1066 Dei
1446 995 1480 1064 in
1506 993 1682 1066 hominum
1707 995 1842 1075 animis,

320 1097 571 1169 controversias
595 1095 893 1186 dubitationesque
924 1097 1064 1189 gignere
1095 1095 1269 1191 potuissc3
1308 1106 1425 1167 contra
1452 1097 1540 1168 liber
1566 1097 1716 1191 primus,
1754 1095 1843 1167 liber

321 1201 526 1294 scripturae,
549 1207 584 1271 et
609 1197 803 1277 secundus,
830 1196 885 1268 cui
912 1199 1027 1271 titulus
1054 1209 1145 1271 eret:
1175 1199 1286 1280 „liber
1306 1198 1397 1269 vitae
1423 1221 1485 1270 seu
1509 1197 1698 1280 Christus“,
1733 1200 1842 1290 magis

320 1303 497 1395 magisque
528 1301 694 1374 lectorum
727 1298 848 1370 animis
882 1301 1078 1372 satisfacere
1109 1299 1281 1387 debebat3
1332 1321 1538 1394 quamquam
1573 1299 1749 1382 nonnulli,
1787 1300 1844 1372 vel

319 1404 432 1497 potius
458 1403 592 1498 plurimi
618 1423 737 1475 eorum
769 1401 835 1472 loci
865 1411 1036 1494 tamquam
1067 1423 1195 1474 avara
1221 1401 1289 1475 fide
1315 1401 1537 1475 deflectentes
1571 1403 1721 1473 infamati
1753 1413 1842 1473 suut.

320 1505 430 1599 Atque
456 1504 511 1577 hic
537 1505 656 1576 tertius
682 1503 769 1576 liber
794 1503 896 1576 etiam
918 1503 1152 1586 Gerhardum,
1188 1506 1249 1598 qui
1274 1505 1419 1600 primum
1447 1505 1570 1576 librum
1594 1503 1696 1574 valde
1720 1523 1843 1598 appro-

320 1609 437 1690 horat,
464 1607 614 1678 movisse
637 1606 795 1688 videtur,
823 1616 858 1676 nt
880 1606 1047 1698 judicium
1068 1606 1113 1678 de
1135 1605 1332 1678 Arndtiauis
1359 1605 1455 1678 libris
1478 1607 1618 1678 omnino
1642 1627 1710 1677 non
1735 1617 1843 1677 muta-

321 1721 392 1791 ret,
433 1709 495 1782 sed
525 1718 639 1780 tamen
671 1709 801 1781 cautior
833 1709 943 1782 lactus
976 1709 1029 1782 sit.
1108 1711 1144 1782 ln
1175 1708 1264 1782 lihm
1290 1719 1413 1800 quarto
1440 1706 1521 1779 nihil
1549 1707 1731 1781 offensioni
1757 1719 1842 1790 erat,

319 1833 422 1904 quum
449 1809 604 1883 homines
630 1820 665 1882 et
687 1812 832 1882 sortasse
858 1820 977 1882 auctor
1004 1812 1078 1906 ipse
1103 1810 1307 1906 profundam
1333 1821 1367 1883 et
1389 1811 1487 1903 quasi
1510 1810 1664 1882 divinum
1688 1811 1844 1904 spiritum

319 1935 400 2010 prae
425 1935 464 1986 se
490 1913 656 1984 ferentem
684 1912 887 1986 senteutiam
913 1934 983 1983 non
1009 1914 1092 1984 satis
1117 1924 1334 2007 perspectam
1359 1911 1536 1984 haherent.

420 2015 552 2087 hmdtii
579 2015 655 2085 libri
681 2023 839 2108 quattuor
864 2015 900 2084 in
926 2015 1065 2086 latinum
1087 2015 1309 2086 vertebantur
1334 2016 1479 2110 primum
1502 2011 1716 2108 Lunaebnrgi
1746 2014 1842 2090 luat

319 2130 355 2192 et
379 2119 467 2191 duce
493 2117 736 2189 Brunsvioensi
767 2115 908 2207 jubente
942 2116 1054 2188 ordini
1088 2115 1279 2210 theologico
1304 2117 1466 2200 lenensi,
1515 2119 1549 2188 in
1575 2139 1643 2209 qua
1669 2119 1843 2191 academia

319 2219 514 2293 Gcrhardus
544 2229 617 2290 erat
650 2218 897 2290 illustrissimus
936 2217 1128 2310 theologiae
1166 2220 1363 2314 professor,
1401 2219 1445 2292 ad
1471 2240 1652 2291 censuram
1678 2241 1844 2294 exercen-

319 2322 398 2395 dam
426 2321 589 2418 propositi
615 2331 713 2401 sunt,
739 2329 777 2391 ut
798 2319 936 2393 tandem
957 2330 1089 2394 certum
1115 2321 1299 2393 haberetur
1321 2321 1497 2414 judicium.
1550 2321 1759 2418 Approbatio
1785 2344 1844 2395 an·

320 2435 387 2497 tem
413 2433 569 2496 recusata
594 2433 666 2503 est,
705 2422 842 2516 quade
868 2421 1334 2515 reGerherdusadhcgid.
1362 2425 1534 2496 Hunnium
1560 2425 1714 2520 scripsit:
1755 2447 1845 2508 „una

319 2549 398 2600 oum
420 2525 561 2618 collegis
583 2525 669 2596 meis
692 2525 726 2594 in
749 2523 838 2596 hano
859 2525 1022 2620 respondi
1046 2527 1271 2608 sententiam,
1299 2527 1392 2619 qnod
1414 2527 1522 2622 parati
1546 2528 1652 2599 simus
1676 2549 1728 2611 ea,
1756 2551 1845 2620 quae

320 2631 357 2700 in
383 2628 479 2700 libris
503 2629 536 2698 l.
559 2627 595 2699 2.
618 2636 653 2698 et
679 2626 712 2697 11.
735 2636 938 2708 occurrunt,
979 2627 1169 2700 substitutis
1195 2629 1401 2721 quandoque
1428 2627 1610 2723 phrasibus
1637 2630 1846 2703 commodio-

319 2731 436 2812 ribus,
471 2730 663 2824 explicare,
700 2739 754 2809 et,
791 2749 894 2821 quam
930 2729 1069 2823 quidem
1103 2729 1177 2802 fieri
1210 2731 1337 2826 possit,
1379 2732 1616 2826 depravationi
1650 2754 1843 2805 occurrere.

318 2833 468 2905 Tertium
492 2852 578 2903 vero
610 2831 733 2902 libmm
767 2832 812 2901 ita
844 2843 1074 2926 comparatum
1106 2854 1207 2914 esse,
1247 2843 1284 2904 ut
1309 2833 1369 2904 vix
1404 2835 1513 2928 possit
1549 2835 1681 2928 absque
1712 2835 1845 2924 jactura

318 2937 488 3007 maximae
524 2934 629 3028 partis
663 2932 864 3018 emendari;
916 2933 1008 3006 unde
1042 2935 1143 3006 etiam
1179 2935 1456 3030 approbationem
1496 2938 1755 3010 recusavimus*
1782 2932 1843 3030 ²⁹).

318 3038 410 3110 Libri
437 3047 550 3108 tamen
577 3035 659 3108 editi
686 3046 775 3108 sunt.
847 3036 950 3107 Libro
977 3039 1076 3110 tertio
1103 3039 1137 3108 iu
1164 3035 1228 3108 hao
1254 3038 1404 3111 editione
1430 3039 1555 3134 epilogi
1584 3039 1660 3110 loco
1686 3060 1844 3110 annexae

319 3151 397 3213 sunt
422 3149 493 3211 tres
519 3138 713 3220 orationes,
756 3157 843 3231 quae
874 3159 919 3210 ex
948 3138 1063 3212 libello
1096 3141 1330 3235 procat-ionum
1361 3141 1485 3235 petitae
1515 3149 1593 3212 sunt
1610 3138 1670 3236 ³⁰).
1723 3141 1844 3214 Versio

318 3245 414 3339 ipsa,
441 3242 471 3312 si
494 3262 571 3313 oum
593 3249 691 3312 textu
714 3244 910 3331 germanico
933 3262 1127 3337 comparas,
1155 3242 1269 3338 paullo
1293 3243 1436 3315 solutius
1459 3252 1511 3314 est
1532 3245 1740 3338 composita3
1776 3265 1844 3336 qua

318 3347 363 3418 de
386 3363 508 3416 caussa
529 3342 671 3414 Prilius:
700 3363 817 3424 „non,
845 3343 972 3436 inquit,
1000 3343 1148 3416 diffiteor
1170 3343 1352 3437 equidem,
1380 3345 1409 3416 si
1436 3365 1499 3416 nos
1521 3346 1667 3440 primum
1692 3345 1735 3418 ad
1756 3367 1844 3440 opus

317 3447 384 3520 hoe
408 3445 540 3536 accingi
566 3447 793 3539 oportuisset,
834 3447 947 3540 paullo
981 3449 1134 3542 pressius
1166 3445 1316 3518 auctoris
1341 3447 1450 3519 verha
1479 3469 1544 3519 nos
1576 3447 1681 3520 luisse
1708 3459 1859 3538 secutu-¹

319 3559 400 3621 ros‘·
423 3543 486 3646 ³¹).
564 3545 654 3617 Infra
686 3545 938 3620 dedicationem
973 3550 1135 3644 principis
1171 3549 1353 3631 editionis,
1392 3571 1495 3642 quam
1527 3550 1629 3620 etiam
1661 3552 1695 3620 in
1728 3561 1845 3622 nostra

317 3650 524 3724 bibliotheca
549 3649 763 3740 Gottingensi
790 3649 966 3732 invenies,
1011 3653 1171 3744 leguntur
1195 3650 1285 3723 duae
1318 3652 1449 3724 litterae
1478 3652 1522 3721 M.
1549 3652 1612 3733 11.,
1652 3673 1738 3744 quas
1763 3653 1846 3722 Mel·

319 3753 471 3826 chiorem
506 3751 601 3951 iqup
637 3752 844 3836 Brellerum,
887 3775 990 3844 quem
1022 3754 1092 3843 jam
1129 3754 1402 3837 nominavimus,
1447 3753 1630 3847 designare
1663 3755 1845 3826 verissime

319 3855 512 3928 defenditur
585 3907 594 3923 .

405 4057 445 4142 211)
469 4063 693 4123 Melanthio.
717 4063 950 4136 hohtmeyer,
975 4066 1069 4138 suppl.
1092 4067 1203 4138 prat.
1227 4095 1265 4106 -
1331 4059 1373 4140 ³⁰)
1396 4065 1679 4129 Krommachsr,
1703 4081 1731 4137 p.
1743 4063 1842 4134 otoo,

320 4153 416 4218 595a3
440 4151 527 4208 6111.
550 4179 589 4192 -
654 4142 697 4214 ³¹)
730 4149 766 4206 cl.
788 4147 980 4210 hambaoh.
1002 4151 1054 4218 ltl,
1077 4149 1229 4222 prosto.
1253 4179 1291 4192 -
1356 4143 1398 4228 ³²)
1435 4149 1573 4220 Quamvis
1595 4154 1710 4222 practer
1730 4149 1843 4206 Brelle-

319 4250 384 4292 rum
406 4235 491 4290 etiam
513 4235 574 4292 Joh.
597 4234 655 4291 Val.
677 4232 864 4300 hudraaeus,
895 4235 946 4306 qni
968 4233 1057 4292 libros
1079 4236 1109 4291 iu
1130 4236 1250 4292 latinum
1268 4237 1406 4302 verterit,
1439 4236 1604 4292 nominetur
1635 4227 1842 4312 (humbech.

320 4321 363 4378 lll.
386 4311 538 4394 ptosrb),
560 4323 658 4374 tamen
679 4333 743 4374 eam
765 4319 947 4388 sententiam,
970 4334 1057 4391 quam
1080 4319 1126 4376 alii
1143 4319 1203 4391 jam
1224 4321 1316 4378 secuti
1340 4326 1409 4377 sunt
1430 4313 1655 4396 (Diecmann.
1680 4321 1711 4376 ll.
1733 4321 1842 4392 p.2t6;

320 4404 355 4460 cl.
378 4403 508 4460 Walch.
531 4403 560 4459 v.
583 4420 612 4475 p.
626 4395 725 4480 1119)
748 4403 960 4476 approbamus3
991 4417 1045 4460 nos
1067 4420 1184 4476 quoque
1206 4406 1306 4462 Melch.
1329 4405 1488 4462 Brellerum
1510 4420 1564 4476 pro
1589 4412 1707 4462 auctore
1730 4405 1843 4460 versio-

320 4489 366 4544 nls
387 4486 546 4558 habemos3
579 4487 614 4544 cl.
638 4487 675 4544 ds
698 4493 756 4546 tota
776 4504 810 4546 re
833 4488 858 4561 9.
872 4491 899 4544 o.
922 4493 981 4545 not.
995 4489 1044 4546 at.
