4874 6060
1071 667 1094 740 9

320 869 428 940 verba
454 868 613 940 audirent
632 865 683 960 ⁷)!
745 870 818 954 Qua
844 869 983 962 quidem
1011 891 1056 941 ex
1082 891 1121 941 re
1146 868 1402 942 ecclesiasticos
1430 869 1518 940 illius
1546 867 1707 960 temporis
1733 889 1851 940 mores

320 970 490 1042 videmus>
506 971 624 1066 luisse.
639 972 945 1064 depravatissimos
970 974 1187 1063 maximaque
1211 990 1296 1052 ,cura
1322 971 1556 1063 corrigendos.
1624 968 1850 1043 Nihilominus

320 1071 464 1144 Arndtio
487 1093 590 1145 curae
612 1073 778 1165 cordique
799 1074 907 1146 luisse
929 1076 1090 1147 omnibus
1114 1073 1246 1144 viribus
1269 1070 1379 1145 officia
1402 1074 1554 1144 muneris
1576 1073 1724 1164 exsequi
1749 1072 1848 1144 laolle
1871 1163 1873 1170 Ι

321 1173 573 1259 concedemus3
610 1175 703 1267 quod
730 1175 897 1270 imprimis
923 1177 957 1246 iu
983 1177 1156 1248 mortifera
1183 1177 1239 1246 illa
1265 1176 1479 1269 pestilentia,
1515 1195 1583 1266 qua
1610 1174 1712 1245 etiam
1736 1173 1849 1258 Quod·

320 1276 515 1368 linburgum
537 1287 699 1348 vexatum
723 1288 797 1360 est,
826 1278 951 1350 iecisse
972 1279 1152 1352 Arndtium
1175 1300 1221 1350 ex
1244 1277 1388 1370 epistola
1415 1278 1470 1348 illa
1494 1277 1697 1349 suavissima
1721 1298 1849 1368 cogno·

321 1379 472 1458 scimus,
505 1399 616 1470 ‚quam
642 1379 686 1450 ad
711 1381 911 1452 monasterii
935 1382 1125 1468 rectricem.
1141 1379 1236 1452 dedit
1254 1375 1297 1474 ⁸).
1362 1382 1483 1452 Nonne
1508 1402 1607 1460 eum,
1645 1380 1704 1472 qui
1730 1381 1764 1448 in
1789 1399 1849 1448 au·

319 1481 526 1572 gratissimis
560 1483 770 1575 temporibus
804 1483 1173 1577 periculosissimisque
1199 1482 1292 1554 vitoe
1317 1482 1570 1574 conditionibus
1602 1481 1752 1552 maxime
1778 1481 1850 1552 eui·

320 1583 473 1663 tebatur,
510 1593 548 1653 ot
572 1583 841 1656 admonitionem
869 1585 1094 1678 solatiumque
1121 1585 1297 1678 largiendo
1324 1585 1460 1658 miseris
1485 1584 1681 1656 bominibus
1707 1582 1850 1677 prodes·

320 1695 394 1764 set,
432 1685 541 1756 multo
565 1685 727 1758 libentius
755 1687 789 1757 iu
817 1687 942 1778 quietis
968 1688 1157 1779 otiosisque
1190 1686 1401 1781 temporibus
1434 1693 1576 1758 munere
1593 1685 1851 1757 vstreuueulunu

319 1797 411 1858 etum
434 1809 514 1858 esse
541 1790 722 1880 putemus‘l
773 1788 847 1872 Qua
873 1788 917 1860 de
941 1809 1067 1862 caussa
1082 1789 1383 1880 Qnedlinbergici,
1409 1812 1513 1881 quum
1535 1787 1698 1862 Arndtius
1723 1787 1850 1858 Brunc-

319 1889 436 1959 vicum
461 1898 603 1962 vocatus
634 1890 725 1962 aliod
758 1913 890 1962 munus.
909 1891 1086 1986 suscipere
1112 1892 1308 1974 statuisset,
1348 1911 1428 1963 eum
1454 1891 1625 1963 dimittere
1651 1891 1846 1968 noluerunt,

322 1991 365 2062 itu
393 2001 448 2070 ut,
482 1992 660 2086 permultis
685 1993 825 2064 demum
847 1991 1104 2066 difficultatibus
1130 1995 1292 2075 remotis,
1328 1995 1424 2066 ebire
1450 2001 1588 2088 posset,
1615 2003 1847 2086 posteaquam

320 2093 545 2164 ministerium
571 2091 902 2187 Quedlinburgioum
924 2094 1101 2190 pulchrum
1129 2097 1358 2168 testimonium
1388 2097 1420 2168 ei
1446 2096 1540 2168 dedit
1558 2092 1601 2187 9).
1675 2141 1677 2149 -

419 2193 787 2270 Arndtinsltrunsvici
814 2199 918 2270 solitu
935 2221 1012 2270 oum
1035 2198 1210 2290 diligentia
1237 2199 1325 2269 inter
1344 2199 1515 2270 ecciesiae
1538 2197 1653 2268 socios
1676 2196 1848 2268 sollertem

320 2319 358 2370 se
383 2297 549 2392 praebuit.
608 2299 679 2370 Sed
705 2321 809 2392 quum
825 2302 989 2372 ,nmnulli
1016 2300 1167 2392 collegae
1192 2301 1529 2380 animadverterent,
1568 2308 1625 2370 tot·
1641 2299 1752 2370 bonos
1778 2297 1847 2368 lro·

320 2409 394 2472 otus
420 2397 625 2474 ex.·,Arndtii
659 2401 808 2472 sollertia
843 2404 956 2482 nasci,
994 2413 1123 2474 mutum
1155 2403 1294 2482 aberet,
1332 2415 1368 2476 ot
1394 2404 1428 2474 iu
1453 2403 1624 2474 sinceram
1650 2398 1849 2473 consensio

320 2523 401 2574 uem
434 2523 696 2602 communeque¹
717 2504 841 2594 agendi
872 2505 1053 2577 consilium
1085 2527 1170 2576 sese·
1197 2515 1461 2587 converterent,
1499 2515 1536 2574 ut
1566 2522 1688 2595 magna
1720 2500 1849 2587 invidia

320 2605 544 2698 replerentur.
597 2604 708 2688 Quum
736 2604 901 2678 Arndtius
933 2617 1051 2678 noster
1082 2629 1174 2680 enno
1208 2605 1304 2680 1605
1339 2608 1508 2702 „primum
1539 2606 1662 2676 librum
1693 2603 1848 2675 devere

321 2705 600 2780 Christianismo“
629 2707 664 2779 iu
696 2707 808 2780 lucem
841 2711 1031 2803 proterret,
1066 2710 1170 2780 animi
1202 2710 1353 2781 omniurn
1387 2708 1477 2780 huuc
1509 2708 1633 2780 librum
1663 2706 1849 2797 legentium

320 2809 440 2882 multo·
461 2811 705 2904 propensiores
735 2811 770 2882 in
796 2822 973 2884 auctorem
998 2812 1076 2884 lacti
1109 2823 1197 2884 sunt.
1261 2813 1392 2884 lnimici
1418 2810 1674 2884 sordidissimas
1698 2809 1849 2879 rationes

320 2911 460 2984 minime
486 2912 730 3005 repudiarunt,
770 2913 909 3004 quibus·
923 2913 1124 3009 scriptorem
1154 2915 1189 2984 iu
1215 2915 1445 3009 suspicionem
1475 2923 1578 3005 etque
1604 2913 1721 2987 odium
1747 2929 1849 2980 uoce·

321 3023 419 3098 rent,
461 3015 505 3085 ita
530 3014 746 3088 Hermamus
768 3005 981 3097 Deueoliius,
1014 3015 1148 3088 Arndtii
1174 3018 1321 3108 collega,
1353 3039 1422 3088 non
1448 3014 1635 3096 dubitavit,
1670 3011 1850 3084 Arndtium

322 3118 433 3212 ipsum
466 3115 675 3189 haereticum
710 3138 926 3210 uxoremque
949 3139 1070 3211 vagam
1103 3129 1138 3191 et
1165 3119 1345 3210 fugitivam
1362 3119 1549 3214 ·appellare
1570 3114 1629 3212 ¹⁰).
1669 3113 1849 3188 rainutius

321 3217 385 3290 bos
412 3219 559 3313 impetos
584 3219 1046 3314 criminationesqueuequo
1071 3223 1186 3293 animo
1213 3222 1309 3305 tulit;
1349 3221 1412 3293 sed
1443 3243 1549 3313 quum
1581 3220 1733 3310 collegae
1764 3215 1850 3286 iuvi·

321 3319 411 3394 diosi
437 3320 642 3414 inciperent,
675 3342 745 3392 uon
772 3323 883 3394 selom
909 3343 982 3403 eos,
1009 3325 1068 3417 qui
1094 3324 1228 3417 culpam
1254 3324 1472 3396 commissam
1497 3325 1700 3401 faterentur,
1724 3315 1850 3391 debor-

322 3424 403 3502 tari,
431 3421 622 3494 sedetiam
645 3422 821 3495 auditores
844 3445 965 3496 omues
991 3447 1039 3496 ex
1059 3425 1220 3498 cathedra
1246 3447 1482 3507 commonere,
1510 3435 1545 3496 ut
1566 3423 1701 3494 Arndtii
1725 3420 1850 3493 doctri-

321 3545 401 3596 nam
432 3535 683 3620 praeceptaque
714 3537 899 3608 caverent,
938 3549 1043 3619 quum
1070 3528 1279 3600 Deneclrium
1316 3528 1409 3598 illum
1426 3585 1430 3596 .
1445 3550 1513 3600 non
1550 3526 1714 3623 puderet,
1754 3524 1851 3594 locos

321 3637 473 3700 sacratos
499 3627 634 3722 probris
664 3627 898 3720 conviciisque
922 3628 967 3700 de
994 3632 1094 3702 trivio
1120 3631 1156 3700 in
1176 3629 1357 3702 Arndtium
1384 3631 1555 3726 congestis
1582 3629 1763 3724 prebuere
1780 3620 1849 3720 ¹¹);

322 3740 487 3802 uexatum
511 3751 581 3800 non
608 3727 921 3824 reprehenderes,
948 3732 1061 3824 quod,
1090 3755 1194 3826 quum
1221 3732 1378 3804 lslebiam
1405 3732 1449 3802 ed
1476 3740 1684 3827 pastoratum
1707 3737 1850 3800 vocatus

320 3843 435 3913 esset,
462 3832 687 3904 libentissime
714 3830 803 3904 hanc
827 3835 1038 3926 provinciam
1063 3835 1235 3930 suscepit,
1270 3835 1471 3928 praesertim
1494 3855 1600 3928 quum
1623 3831 1758 3904 deillis
1778 3851 1850 3901 mo·

320 3934 428 4005 lestiis
466 3937 589 4006 ruera
624 3933 715 4029 apud
750 3945 943 4029 praetorem
979 3938 1270 4010 Brunsvicensem
1305 3947 1514 4027 conquestos
1549 3945 1652 4008 esset
1718 3932 1850 4016 Quanto

321 4035 422 4106 luerit
449 4037 593 4118 inuidia,
632 4047 757 4129 quauta
786 4037 978 4128 malignitas
1003 4041 1210 4132 collegarum
1237 4039 1270 4109 iu
1296 4036 1478 4110 Arndtium
1504 4040 1560 4110 vel
1587 4038 1771 4108 abeuntem
1792 4057 1850 4108 ou·

320 4139 465 4220 mulcta,
487 4159 551 4238 'ex
575 4162 619 4238 eo
650 4140 890 4232 cognoscimus
923 4141 1016 4236 quod
1043 4143 1077 4213 iu
1104 4143 1259 4234 catalogo
1286 4141 1520 4213 ministrorum
1546 4137 1849 4210 Brunsvicensium

406 4355 430 4436 7)
461 4359 647 4420 Arndttus
673 4363 711 4420 ad
736 4366 905 4422 monasterii
931 4367 1097 4428 rectricem,
1133 4367 1160 4418 o.
1182 4364 1236 4420 lul.
1263 4366 1358 4430 reue,
1389 4363 1467 4436 apud
1489 4363 1726 4428 Kettuerum,
1756 4361 1849 4433 suppl.

322 4463 350 4519 p.
365 4449 414 4502 93.
444 4475 483 4488 -
549 4441 574 4522 8)
605 4448 760 4506 llettuer
781 4468 808 4523 p.
823 4452 884 4505 tt:
914 4451 983 4514 „leh
1005 4449 1082 4508 habe
1102 4450 1145 4506 sie
1167 4448 1265 4519 btufig
1286 4464 1352 4506 zum
1375 4449 1502 4518 heiligen
1522 4445 1722 4504 theodmaute
1744 4446 1851 4518 getrle·

320 4529 397 4597 beu,
427 4530 503 4588 habe
525 4533 568 4589 sle
591 4531 694 4590 booten
717 4535 896 4605 vermttgeos
918 4535 948 4591 io
973 4535 1025 4590 der
1044 4535 1161 4593 Beiobte
1183 4538 1347 4604 getrttstet3
1381 4550 1443 4590 was
1465 4533 1512 4590 iob
1534 4531 1570 4588 de
1592 4531 1678 4588 nlleiu
1699 4532 1744 4588 lttr
1765 4529 1849 4586 lltllre

320 4616 455 4676 uud.ltlr
485 4618 575 4674 einen
600 4617 689 4674 ttbeln
711 4619 828 4676 Gernclr
855 4619 1068 4689 coemendae
1097 4635 1155 4676 rou
1183 4618 1299 4682 denen,
1336 4618 1383 4676 die
1405 4619 1540 4676 die‹l'est
1560 4631 1606 4674 aua
1630 4617 1713 4674 llalse
1736 4613 1848 4686 gehabt,

321 4702 410 4758 weiss
432 4702 528 4760 eota·
552 4731 589 4744 —
667 4697 693 4779 ⁹)
723 4705 752 4760 to
779 4705 975 4777 Apologettcts
1003 4703 1169 4802 Arndtian'p
1200 4703 1283 4774 apuu
1311 4703 1510 4762 Itarnbacb.
1540 4703 1583 4760 tu.
1618 4718 1645 4774 p.
1673 4699 1786 4758 roten.
1810 4719 1848 4745 ⁶-

323 4779 363 4860 llll
394 4787 617 4860 ltebtmeyer.
642 4789 818 4860 1v.p.aae.
843 4819 881 4834 ·-
951 4784 989 4867 11)
1019 4787 1191 4846 Arndtius
1213 4788 1250 4846 ad
1271 4787 1391 4846 Statium
1413 4788 1584 4846 llableuium
1612 4788 1739 4844 ta.tuu.
1760 4784 1848 4850 4605,

320 4871 397 4943 apud
420 4873 553 4932 llebtm.
568 4875 670 4948 suppl
700 4889 729 4946 p.
746 4877 823 4932 zato.
