4770 6086
1346 633 1394 710 611

603 843 843 939 „prodierunt,
874 841 956 912 boni
983 839 1158 912 desierunt
1176 835 1280 929 ⁹).““
1332 837 1404 909 lam
1429 833 1592 913 Arndtius
1624 842 1699 936 ipse
1725 849 1880 912 senserat
1906 842 2067 912 nonnulla
2094 844 2127 914 in

604 946 700 1018 libris
737 946 809 1016 suis
843 944 876 1014 in
904 945 1026 1016 falsum
1049 964 1190 1014 sensum
1218 940 1316 1013 facile
1344 943 1491 1034 perverti
1518 963 1640 1038 posse,
1673 943 1873 1038 praesertim
1908 942 1937 1013 si
1960 943 2068 1016 lector
2093 946 2127 1017 in

604 1045 843 1139 cognoscenda
869 1045 1022 1118 doctrina
1039 1041 1232 1116 christiana
1260 1042 1414 1114 nondum
1441 1057 1625 1140 provectus
1640 1047 1694 1128 sit,
1717 1066 1830 1138 neque
1855 1044 1993 1116 dicendi
2018 1069 2127 1138 genus

604 1150 768 1223 librorum
797 1148 930 1220 illorum
958 1155 1172 1242 perspectum
1199 1143 1334 1216 babeas

703 1251 744 1322 Ut
769 1251 922 1322 nonnulli
947 1249 1013 1320 viri
1039 1247 1131 1320 docti
1157 1247 1335 1329 dixerunt,
1373 1247 1553 1322 Arndtiom
1580 1250 1828 1344 contempsisse
1857 1247 2006 1320 studium
2033 1247 2127 1322 tbeo-

604 1354 714 1445 logias
740 1352 986 1433 academicum,
1014 1351 1058 1421 ita
1085 1349 1141 1419 alii
1168 1349 1296 1444 opinati
1321 1362 1410 1432 sunt,
1439 1372 1517 1421 eum
1545 1352 1768 1424 ministerium
1794 1352 1894 1424 verbi
1912 1360 1946 1422 et
1964 1372 2127 1446 personas

602 1457 836 1550 ministrorum
879 1455 974 1549 parvi
1007 1452 1228 1535 aestimassc3
1276 1470 1365 1542 quae
1400 1453 1540 1545 quidem
1575 1454 1765 1525 criminatio
1793 1454 1864 1544 jam
1899 1453 2016 1547 primis
2051 1465 2128 1546 post

603 1558 778 1652 scriptoris
804 1569 949 1630 mortem
976 1553 1186 1648 temporibus
1212 1561 1333 1624 exorta
1358 1575 1437 1626 esse
1461 1553 1669 1646 videtor¹⁰].
1722 1555 1890 1628 Osiander
1905 1555 2127 1628 locosvarios

603 1683 649 1732 ex
676 1660 772 1732 libris
798 1659 995 1730 Arndtianis
1021 1654 1154 1734 hausit,
1192 1653 1317 1745 quibus
1354 1658 1557 1728 sententiam
1590 1681 1687 1732 snam
1712 1654 1953 1753 probarct11).
2005 1657 2126 1730 Verbis

604 1762 812 1844 „tuncDeos
838 1762 929 1832 intus
955 1759 1102 1830 animam
1119 1756 1302 1841 illuminat3
1328 1759 1443 1828 omnia
1468 1761 1559 1831 enim
1584 1763 1674 1834 intus
1700 1781 1746 1831 ex
1760 1761 1832 1832 Deo
1851 1755 2125 1847 scaturiunt¹²l,“

604 1885 672 1938 non
698 1865 812 1935 minos
834 1861 887 1934 his
914 1860 1031 1932 verbis
1056 1868 1159 1940 „sunt
1184 1855 1341 1930 homines
1368 1882 1436 1931 non
1456 1863 1564 1956 pauci,
1591 1865 1650 1956 qui
1675 1863 1769 1934 varia
1790 1863 1996 1954 conquirunt
2015 1861 2127 1934 media

604 1989 706 2048 „cum
720 1966 793 2038 Deo
816 1985 855 2036 se
875 1962 1026 2041 uniendi,
1052 1971 1088 2031 ut
1108 1969 1188 2030 sunt
1209 1971 1353 2031 externa
1377 1962 1477 2034 lectio
1495 1965 1629 2057 aliaque
1652 1965 1846 2038 devotionis
1863 1963 2024 2036 exercitia
2040 1961 2125 2055 ¹³),“

602 2079 661 2139 aut
686 2090 791 2159 quum
804 2065 968 2137 Arndtius
995 2061 1152 2158 postulat,
1180 2071 1217 2132 ut
1241 2060 1344 2134 homo
1370 2065 1415 2134 ab
1441 2068 1596 2138 externis
1619 2067 1725 2138 rebus
1752 2089 1790 2140 se
1817 2075 1948 2138 avertat
1961 2061 2020 2158 1⁴),
2050 2089 2127 2162 pro·

602 2170 678 2242 bari
699 2169 859 2264 opinatur
880 2165 1059 2246 Osiander,
1086 2163 1267 2234 Arodlium
1286 2176 1451 2238 externae
1469 2169 1567 2240 verbi
1587 2169 1729 2242 orationi
1749 2170 1875 2240 nullam
1894 2171 2127 2242 auctoritatem

601 2273 772 2351 tribuere,
812 2269 875 2344 sed
899 2270 1013 2340 omnia
1044 2289 1091 2340 ex
1117 2266 1249 2337 interna
1287 2267 1533 2342 illuminatione
1568 2269 1736 2365 proficisci
1761 2272 1862 2342 velle.
1915 2269 2128 2366 Quapropter

602 2375 649 2468 lp.
666 2370 769 2468 230.)
795 2373 935 2468 putabat
961 2370 1047 2442 banc
1073 2367 1345 2440 criminationem
1373 2371 1407 2441 in
1417 2370 1596 2444 Arndtium
1620 2373 1699 2446 ideo
1717 2375 1859 2445 multum
1878 2374 2007 2452 valere,
2033 2371 2127 2466 quod

602 2476 658 2547 hic
686 2478 761 2570 ipse
786 2474 895 2556 dicat,
922 2471 1130 2552 cerimoniis,
1158 2469 1309 2542 clamore
1335 2493 1375 2542 ac
1403 2475 1561 2568 precibus
1587 2475 1697 2547 Deum
1720 2497 1789 2548 non
1815 2475 1957 2548 excitari
1972 2472 2033 2571 ¹⁵).
2084 2473 2128 2546 At

602 2579 805 2670 simulatque
832 2577 866 2648 in
892 2573 1129 2646 antecedentia
1157 2572 1432 2666 respexerimus,
1468 2577 1566 2650 facile
1592 2579 1821 2670 intelligemus
1848 2577 2048 2671 scriptorem
2073 2571 2127 2648 bis

602 2680 720 2754 uerbis
745 2701 814 2750 non
841 2677 1043 2769 designasse
1068 2673 1286 2767 opinionem,
1322 2697 1368 2746 ex
1395 2697 1462 2770 qua
1488 2691 1670 2752 externum
1694 2680 1794 2752 verbi
1815 2680 1879 2751 Dei
1902 2680 2127 2752 ministerium

601 2789 848 2861 contemneret,
876 2779 1038 2872 quoniam
1064 2774 1245 2847 incudem
1270 2778 1392 2869 capite,
1419 2781 1513 2872 quod
1535 2803 1581 2852 ex
1597 2782 1807 2874 Weigeliano
1835 2781 1950 2854 libello
1966 2782 2126 2877 desump

601 2896 674 2956 turn
701 2905 780 2956 esse
806 2881 1025 2954 adversarius
1050 2877 1238 2971 vituperat,
1274 2879 1389 2972 paullo
1415 2893 1515 2954 antea
1540 2885 1638 2956 allata
1665 2895 1743 2956 sunt
1764 2883 1867 2956 baec:
1904 2905 2017 2976 „quae
2041 2905 2127 2956 uero

604 2987 825 3078 „neutiquam
844 3006 887 3056 eo
901 3007 1004 3056 sensu
1021 2981 1110 3059 dico,
1138 2999 1178 3050 ac
1195 2978 1225 3050 si
1242 2990 1422 3052 externum
1439 2987 1658 3058 consociandi
1674 3009 1797 3060 monus
1813 2996 2028 3058 contemnam
2043 2983 2125 3080 ¹⁶).“

600 3089 712 3161 Verba
749 3110 810 3183 per
836 3109 875 3158 se
909 3094 1058 3180 spectata
1095 3080 1234 3174 planum
1266 3092 1317 3153 est
1339 3077 1417 3156 'non
1453 3086 1499 3156 ila
1533 3088 1748 3184 interpretari
1780 3110 1844 3160 nos
1876 3109 2001 3183 posse,
2030 3083 2128 3162 ⁴sicut

602 3189 770 3264 Osiander
794 3188 891 3267 velit,
916 3187 976 3279 qui
1002 3202 1124 3256 revera
1150 3183 1266 3256 multis
1292 3184 1368 3257 aliis
1395 3187 1491 3270 locis,
1517 3189 1751 3263 ubielrndtius
1775 3192 1966 3264 accuratius
1992 3191 2038 3264 de
2065 3190 2128 3260 bac

603 3316 640 3366 re
667 3292 804 3366 disserit
816 3287 881 3381 ¹⁷),
914 3286 1088 3384 prohiberi
1112 3283 1281 3367 debebat,
1309 3289 1493 3379 quominus
1518 3293 1625 3364 verba
1648 3304 1716 3364 tam
1742 3289 1965 3364 vehementer
1987 3315 2127 3388 perver-

602 3406 699 3468 teret.
753 3395 800 3466 lta
828 3392 993 3484 legimus:
1035 3389 1141 3470 „Cum
1175 3397 1288 3459 aulem
1322 3400 1442 3463 natura
1479 3393 1566 3466 adeo
1604 3396 1700 3466 coeci
1727 3417 1863 3476 sumus,
1895 3406 1930 3466 ul
1950 3397 2126 3491 propriam

603 3497 799 3580 „miseriam
824 3515 870 3568 ex
896 3492 998 3564 nobis
1025 3491 1108 3587 ipsis
1134 3488 1239 3580 digne
1264 3511 1454 3582 agnoscere
1482 3517 1549 3570 uon
1578 3498 1765 3577 valeamus,
1789 3496 1868 3568 ideo
1893 3497 2005 3570 media
2029 3497 2126 3570 nobis

602 3599 768 3690 „largitus
793 3596 962 3674 estDeos,
989 3605 1067 3687 puta
1095 3591 1240 3664 verbum
1266 3603 1301 3664 et
1327 3608 1554 3680 sacramenta,
1581 3619 1669 3691 quae
1694 3599 1800 3692 gralia
1828 3599 1903 3689 ejus
1921 3599 2127 3693 spiritusque

602 3723 812 3795 „numquam
825 3720 895 3770 non
912 3696 1117 3768 comitantur
1134 3691 1183 3784 ¹⁸)
1196 3705 1229 3780 ;“
1247 3715 1316 3765 non
1333 3697 1446 3770 minos
1462 3700 1553 3772 clare
1568 3700 1701 3772 anobis
1716 3702 1873 3797 postolat,
1894 3712 1930 3772 ut
1947 3700 2127 3792 diligenter

600 3815 635 3878 ot
660 3804 777 3880 attenti
793 3801 854 3872 [lei
882 3798 1027 3870 verbum
1051 3797 1231 3869 audiamus
1252 3793 1313 3892 ι9).
1366 3799 1486 3874 Nonne
1513 3804 1625 3874 statim
1648 3803 1851 3876 Osiandrum
1880 3803 2041 3876 selsllisse
2068 3827 2128 3898 pu·

601 3917 733 3986 tamus,
770 3905 800 3978 si
826 3902 1002 3974 nobiscum
1039 3911 1252 3994 reputamus,
1288 3899 1469 3974 Arndtiom
1495 3904 1607 3998 ipsum
1633 3916 1702 3977 tam
1728 3905 1788 3977 diu
1813 3907 1959 3998 pastoris
1985 3927 2126 3976 munero

601 4011 755 4081 iunctum
773 4005 876 4078 esse‘l
920 4003 1008 4072 Num
1036 4001 1070 4073 id
1097 4025 1241 4081 monus,
1270 4002 1326 4072 cui
1353 4014 1421 4076 tam
1447 4005 1506 4078 diu
1531 4017 1704 4102 praeerat,
1732 4017 1863 4102 poterat
1887 4009 2128 4080 contemnere‘.l

701 4106 866 4180 Omnibus
901 4102 1097 4176 hominibus
1129 4104 1283 4198 mysticis
1311 4115 1346 4176 et
1373 4108 1528 4182 fanaticis
1563 4129 1605 4180 ea
1637 4109 1803 4182 sententia
1838 4120 1891 4182 est
1923 4109 2126 4191 communis,

601 4209 816 4288 sacrificium,
843 4209 1058 4300 frequentem
1089 4227 1188 4277 nsum
1215 4225 1393 4288 sacrorum
1421 4233 1489 4283 non
1516 4233 1595 4284 csse
1622 4211 1688 4286 nisi
1714 4233 1786 4284 reru
1811 4223 2012 4292 externam,
2040 4233 2127 4305 quae

683 4413 708 4500 9)
733 4435 760 4490 p.
776 4423 824 4476 22.
848 4447 886 4460 -
942 4413 979 4495 ¹⁰)
1002 4421 1083 4492 llysl.
1097 4420 1167 4490 iniq.
1187 4417 1288 4490 pseud.
1307 4437 1336 4492 p.
1350 4421 1416 4475 118.
1441 4448 1479 4462 -
1535 4414 1572 4496 ¹¹)
1594 4418 1780 4476 Osiander.
1796 4421 1906 4490 pm.
1924 4419 1959 4475 cl.
1974 4435 2001 4492 p.
2017 4421 2065 4477 62.
2088 4448 2126 4462 ·-

603 4497 1043 4582 1²)111.0.s⁴.p.aala.-
1106 4495 1524 4580 1³)111,c.5.p.saoa.-
1590 4499 1628 4580 1⁴)
1652 4506 1695 4571 m,
1718 4507 1807 4562 313.
1830 4507 2030 4576 133333-
2089 4497 2127 4578 1⁵}

599 4592 631 4657 11,
654 4605 679 4646 c.
695 4593 742 4647 aa.
766 4583 800 4666 (c,
816 4583 873 4664 aa.)
896 4592 1027 4660 passa.
1052 4619 1089 4632 -
1159 4583 1195 4665 1⁶)
1220 4587 1291 4644 roro.
1315 4605 1341 4659 p.
1357 4591 1450 4646 asra.
1474 4617 1512 4632 -
1581 4585 1618 4666 1⁷)
1640 4593 1660 4656 1,
1682 4605 1707 4646 ο.
1725 4593 1771 4646 33.
1803 4607 1831 4661 ρ.
1850 4587 1952 4656 roso,
1983 4590 2013 4654 11,
2038 4591 2126 4644 uss.

600 4693 627 4747 p.
642 4675 744 4742 caelu
776 4675 820 4740 lll,
845 4675 910 4730 cti.
934 4677 1069 4744 p.320a3
1099 4677 1130 4742 ll,
1150 4677 1237 4732 c.5l.
1259 4689 1287 4746 p.
1303 4673 1408 4742 ²⁸lb3
1447 4675 1465 4742 l,
1490 4676 1576 4732 cil.
1599 4691 1627 4746 p.
1642 4674 1723 4741 56b;
1748 4675 1782 4734 cl.
1805 4674 2004 4730 Veranius.
2036 4674 2074 4738 ll,
2098 4690 2124 4745 p.

602 4761 720 4827 6-773
754 4757 933 4831 Egnrdus.
957 4761 1071 4830 p.tll;
1097 4757 1246 4826 llaclral,
1275 4758 1374 4816 schola
1398 4759 1562 4816 Arudliana.
1586 4776 1613 4832 p.
1630 4763 1677 4817 31.
1702 4789 1740 4808 -
1813 4753 1850 4832 ¹⁸)
1873 4760 1904 4824 11,
1929 4759 1991 4814 c9.
2015 4760 2125 4828 plns.

602 4872 639 4888 -·
713 4837 750 4920 ¹⁹)
772 4845 865 4902 Lahr·
888 4841 948 4900 uod
970 4843 1081 4902 Trostb.
1104 4860 1128 4900 c.
1145 4848 1171 4900 3.
1194 4845 1224 4902 ll.
1246 4861 1274 4917 p.
1290 4841 1384 4901 laub.
