4874 6060
1059 677 1108 750 27

317 889 350 949 et
375 879 524 973 practico
548 879 720 954 elemento
741 877 1059 976 mnnndendoae).
1111 879 1261 956 Credere.
1283 889 1317 952 at
1339 899 1442 973 agere
1465 879 1672 966 lunduntnr;
1703 881 1847 953 alterum

318 981 352 1055 in
374 981 482 1054 altaro
504 981 667 1066 solvitur,
698 982 923 1074 quamohrem
944 983 1035 1078 apud
1058 981 1238 1056 Arndtium
1260 1003 1338 1056 raro
1361 992 1542 1077 praecepta
1565 983 1704 1054 moralia
1728 983 1846 1074 lagun-

318 1093 380 1154 tur.
442 1081 536 1166 Quae
564 1083 623 1156 ubi
648 1083 764 1165 affert,
802 1105 938 1180 semper
965 1101 1102 1181 praeter
1127 1085 1329 1182 profundam
1355 1083 1531 1176 religionis
1559 1085 1787 1176 cognitionem
1814 1095 1848 1156 et

318 1186 638 1279 contemplationem
664 1187 803 1279 prohat,
830 1210 870 1259 se
893 1209 1015 1261 revera
1038 1189 1233 1260 universam
1257 1187 1405 1260 hominis
1427 1197 1581 1259 naturam
1604 1186 1848 1279 ingeniumque

317 1287 451 1378 cognita
485 1286 658 1360 habuisse.
720 1287 793 1372 Qua
818 1311 896 1362 cum
922 1293 1066 1386 mystica
1092 1291 1378 1384 contemplatione
1404 1309 1519 1360 rerum
1544 1287 1737 1361 divinarum
1765 1309 1849 1382 quo·

318 1388 420 1462 modo
444 1387 577 1462 rlrndtii
602 1391 792 1462 sententiae
818 1390 1040 1476 cohaereant,
1067 1413 1224 1487 quaeque
1252 1393 1383 1485 singula
1409 1390 1568 1482 dogmata
1595 1412 1642 1463 ex
1668 1389 1734 1464 hoc
1757 1391 1849 1483 cogi-

318 1490 410 1566 tandi
436 1491 540 1565 modo
566 1492 776 1587 prodierint,
818 1517 909 1568 nunc
936 1497 1044 1570 insius
1070 1495 1254 1590 explanare
1282 1494 1492 1568 conabimur.

419 1699 498 1783 ll.
549 1705 734 1800 Aptissima
768 1705 977 1783 Arndtianae
1013 1706 1206 1801 theologiae
1242 1716 1396 1778 naturam
1429 1706 1691 1787 describemus,
1732 1706 1850 1778 verbis

319 1804 452 1878 Amdtii
486 1809 594 1902 ipsius
627 1819 794 1882 utentes:
847 1813 1049 1894 „Summum
1075 1821 1109 1881 et
1135 1811 1289 1882 intimum
1316 1806 1509 1900 theologiae
1535 1817 1588 1880 est
1614 1819 1848 1880 momentu-r

319 1907 461 1980 Omnem
486 1909 634 1983 docendi
661 1921 696 1984 et
722 1912 895 1986 scribendi
927 1913 1093 1985 rationem
1120 1935 1163 1985 eo
1189 1910 1456 1992 conserendam,
1493 1920 1530 1981 ut
1557 1908 1730 1981 hominem
1761 1910 1849 1982 intro

319 2021 494 2082 convertat
518 2013 562 2084 ad
588 2013 753 2108 abyssum
779 2016 938 2088 miseriae
963 2035 1068 2096 suae,
1112 2013 1240 2087 deinde
1271 2012 1315 2085 ad
1349 2012 1547 2086 thesaurum
1581 2012 1709 2103 gratiae
1734 2012 1850 2084 Iesum

319 2112 507 2196 Christum,
535 2116 653 2188 intimo
676 2117 784 2189 corde
804 2116 897 2189 lideli
920 2115 1156 2212 reponendum
1178 2170 1186 2187 .
1210 2127 1244 2187 .“
1267 2115 1319 2208 ¹);
1347 2117 1414 2188 alio
1437 2117 1513 2186 loco
1537 2115 1701 2206 legimus:
1734 2113 1851 2196 „Chri-

319 2217 362 2289 sti
393 2217 528 2290 animus
555 2240 659 2290 verus
691 2241 759 2290 non
795 2229 922 2291 tantum
956 2220 991 2290 in
1017 2219 1172 2292 doctrina
1203 2229 1237 2290 et
1270 2221 1306 2290 iu
1335 2214 1557 2290 enucleandis
1592 2227 1626 2288 et
1662 2217 1851 2292 refutandis

319 2319 562 2392 controversiis
589 2331 623 2392 et
646 2321 821 2394 erroribus
845 2321 1010 2404 consistit,
1038 2332 1074 2393 ut
1101 2321 1196 2392 multi
1222 2331 1350 2417 putatu,
1377 2319 1624 2391 verumetiam
1651 2321 1685 2390 in
1713 2319 1849 2416 pietate,

319 2421 353 2492 in
380 2421 620 2494 emendatione
644 2423 758 2506 vitae,
798 2425 833 2496 in
860 2425 950 2497 seria
974 2424 1184 2520 poenitentia
1209 2423 1354 2516 ejusque
1379 2421 1567 2502 tractibus,
1614 2419 1650 2491 in
1675 2422 1850 2516 agnitione

318 2525 447 2620 peccati
475 2577 483 2596 .
513 2577 523 2594 .
550 2521 648 2620 Μ).

421 2626 462 2698 Ut
488 2629 670 2720 imaginem
696 2631 940 2702 sententiarum
971 2629 1283 2723 principiorumque
1309 2625 1575 2699 Arndtianorum
1592 2625 1624 2716 ³)
1650 2627 1763 2698 obiter
1790 2625 1852 2698 de·

320 2729 500 2824 pingamus
531 2741 645 2824 aptum
678 2731 780 2803 nohis
806 2730 965 2812 videtur,
1004 2751 1073 2802 non
1100 2730 1212 2803 solum
1238 2731 1325 2802 intra
1350 2726 1437 2802 fines
1463 2738 1623 2822 quattuor
1649 2729 1785 2801 illorum
1812 2727 1851 2798 li-

320 2832 460 2904 hrorum
492 2854 556 2904 nos
589 2833 785 2915 continere,
823 2855 944 2906 verum
976 2833 1078 2904 etiam
1111 2833 1164 2905 cis
1195 2833 1339 2926 singulis
1373 2832 1572 2904 tractatibus
1606 2832 1654 2903 uti
1687 2830 1851 2911 lontibus,

320 2955 408 3028 quos
439 2935 509 3026 jam
539 2945 670 3008 mature
695 2936 885 3008 arctissime
912 2959 991 3007 cum
1019 2936 1085 3008 illis
1111 2935 1208 3008 libris
1234 2933 1420 3008 cohaerere
1443 2934 1613 3025 judicatos
1638 2955 1718 3006 esse
1740 2932 1852 3003 atull-

319 3059 407 3110 mus.
466 3037 646 3110 Praeterea
671 3038 772 3110 nohis
797 3039 979 3109 auxilietur
1004 3038 1140 3110 libellus
1167 3039 1419 3133 precationum,
1458 3037 1517 3130 qui
1542 3036 1740 3109 inscribitur
1767 3034 1852 3117 „Pa-

321 3138 620 3231 radiesgurttein‘q
659 3141 789 3233 reliqna
814 3139 948 3212 Arndtii
977 3141 1103 3236 scripta
1128 3140 1191 3210 vix
1215 3141 1411 3212 necessaria
1437 3138 1607 3211 videntur.

419 3241 599 3313 Amdtinm
629 3241 735 3314 libros
764 3265 845 3316 suos
878 3243 1094 3336 inscripsisse
1121 3240 1188 3324 „de
1216 3264 1300 3314 vero
1326 3240 1607 3314 Christianismo“
1635 3261 1737 3314 namo
1763 3241 1852 3313 vitu·

322 3343 471 3439 porabit;
504 3355 680 3439 praeterea
708 3345 842 3417 libellos
869 3345 1059 3438 inscripsit:
1089 3344 1453 3438 ,‚Paradiesgttrtlein“‚
1481 3341 1691 3426 „Geistlicbe
1714 3343 1852 3415 Seelen-

322 3446 504 3532 arzenei“;
527 3447 602 3518 aliis
624 3447 877 3540 precationibus
899 3457 934 3520 et
955 3445 1167 3518 orationihus
1189 3467 1314 3520 nornen
1338 3445 1479 3518 indidit:
1510 3447 1639 3527 „Haus-
1661 3445 1732 3517 und
1750 3445 1853 3516 llerz·

322 3546 459 3630 kircha,
487 3550 556 3620 wie
578 3549 641 3621 das
663 3547 767 3622 heich
788 3550 906 3622 Gottes
928 3550 960 3619 in
986 3570 1049 3620 uns
1071 3572 1113 3620 zu
1137 3549 1286 3630 hauen“‚
1316 3549 1392 3620 aliis
1416 3546 1642 3631 „Geistliches
1657 3545 1853 3619 Brndlrbrb·

322 3649 434 3736 lein“;
471 3673 617 3744 quorum
643 3650 807 3722 librorum
835 3651 921 3722 tituli
947 3649 1048 3722 nobis
1070 3652 1139 3741 jam
1166 3650 1422 3732 demonstrant,
1449 3660 1625 3723 auctorem
1655 3651 1778 3721 talibus
1804 3650 1853 3720 lo·

322 3754 516 3826 cutionihns
542 3753 742 3850 symbolicis
766 3754 867 3826 valde
892 3753 1072 3834 delectari,
1100 3754 1193 3846 quod
1219 3751 1310 3849 apud
1337 3775 1457 3827 ornnes
1485 3753 1648 3848 mysticos
1674 3764 1853 3846 acceptum

322 3854 429 3928 luisse
454 3869 489 3929 et
514 3855 674 3928 usitatum
700 3868 844 3930 constat.
910 3857 956 3926 lta
992 3853 1160 3928 habemus
1194 3856 1322 3938 libros,
1361 3857 1419 3949 qui
1457 3855 1706 3928 inscribuntur:
1749 3867 1855 3936 „vom

323 3955 461 4032 Schloss
487 3959 551 4031 der
573 3959 731 4040 Saelen“‚
786 3980 878 4042 „von
911 3957 1213 4050 vierundzwanzig
1246 3959 1418 4050 guldenen
1450 3959 1612 4039 Harlan“‚
1664 3954 1854 4038 „lrostliche

322 4059 562 4153 evangelische
590 4061 687 4134 Perta
721 4084 761 4133 zu
788 4061 1060 4134 vollkommener
1084 4059 1388 4152 husechmtlclrung
1419 4060 1484 4132 dar
1507 4061 1611 4130 Braut
1636 4058 1783 4132 Christi“
1801 4055 1853 4153 ῆς

322 4173 425 4255 atque
455 4164 557 4235 stiam
590 4165 716 4236 nostris
748 4163 959 4259 temporibus
990 4163 1076 4236 tales
1110 4161 1376 4255 significationes
1407 4163 1522 4235 multis
1553 4171 1633 4234 sunt
1664 4173 1852 4257 pergratae.

321 4265 432 4336 Etiam
464 4265 540 4336 aliis
573 4265 800 4339 locutionibus
826 4266 989 4338 Arndtius
1015 4264 1058 4336 ad
1084 4265 1221 4338 dicendi
1248 4266 1415 4337 rationem
1441 4266 1661 4360 mysticorum
1689 4286 1769 4336 sese
1794 4264 1854 4337 ad-

409 4467 450 4550 33)
479 4475 603 4532 Reuss.
626 4491 653 4548 p.
667 4479 694 4531 a.
717 4505 757 4518 -
846 4468 867 4550 1)
899 4470 1023 4531 Arndt
1046 4470 1082 4526 ad
1105 4471 1245 4529 Gerhard.
1291 4473 1421 4546 alapol.
1444 4471 1543 4531 Arndt.
1566 4470 1643 4543 apud
1666 4469 1852 4528 Rambach.

327 4561 371 4618 lll.
395 4559 554 4632 ptdttb.
578 4587 617 4602 -
689 4553 713 4636 ²)
735 4560 854 4617 Arndt
878 4558 914 4614 ad
936 4558 1072 4614 lienum.
1097 4555 1219 4615 2³.0ct
1235 4561 1323 4616 tato.
1347 4557 1415 4614 ibid.
1438 4575 1465 4631 p.
1481 4556 1590 4614 taath.
1614 4586 1652 4598 -
1718 4549 1743 4631 ³)
1767 4555 1855 4612 Com-

326 4645 532 4702 mentationem
574 4645 691 4711 „lishar
726 4644 784 4702 den
815 4647 894 4704 Geist
927 4641 981 4698 der
1009 4639 1203 4700 Arndtischen
1232 4643 1407 4715 Theologia“
1445 4661 1462 4700 a
1496 4642 1623 4700 Pahlio
1661 4642 1855 4712 conscriptam

326 4723 588 4806 (Tzachirnsr,
617 4730 793 4789 hemorahll.
815 4732 860 4788 Ill.
885 4719 964 4804 pt.)
992 4741 1053 4782 nou
1079 4729 1265 4799 accepimus;
1309 4727 1494 4786 conterantur
1523 4741 1686 4800 perpauca,
1720 4741 1795 4798 quac
1818 4725 1854 4782 ah

327 4813 431 4872 endam
455 4820 573 4874 auctora
594 4815 675 4872 allata
698 4817 885 4873 inveniuntur
906 4811 983 4886 apud
1005 4811 1116 4868 Erech
1139 4829 1167 4868 u.
1190 4813 1350 4880 Gruhcr,
1373 4813 1444 4886 ΑΗΒ.
1468 4811 1584 4885 Enzyhl.
1607 4812 1637 4869 V.
1662 4827 1684 4866 s.
1707 4827 1751 4867 a:
1778 4812 1854 4868 ioh.

327 4898 449 4958 tanat.
472 4917 500 4974 p.
515 4901 582 4958 alt.
606 4929 643 4944 -
710 4894 735 4976 ⁴)
763 4900 917 4968 lrnold,
939 4897 1021 4969 ttyst
1042 4897 1141 4954 Theol.
1165 4915 1192 4970 p.
1207 4899 1286 4970 ³⁷⁹3
1309 4901 1377 4957 ltu.

1613 5009 1650 5064 ⁴⁸
