4874 6060
1057 669 1100 742 11

317 879 420 943 tatem
443 868 583 942 omnino
606 866 689 942 nihil
712 869 829 944 dicere
855 893 978 966 posse3
1013 873 1120 946 libros
1143 873 1218 962 ejus
1244 881 1372 942 tantum
1400 870 1537 944 mentis
1564 869 1846 964 contemplandos

316 990 394 1045 asse
426 971 535 1046 oculis
569 970 734 1042 censebat
751 971 810 1059 ¹9).
875 975 962 1046 Num
994 973 1215 1048 adversarius
1249 983 1318 1044 mm
1348 973 1594 1046 acerbissimus
1627 972 1846 1045 occasionem

315 1073 603 1170 praetermisisset
628 1073 663 1145 in
687 1071 820 1148 Arndtii
845 1077 960 1148 animo
986 1077 1208 1168 moribusque
1234 1076 1337 1146 ullam
1360 1073 1568 1148 deteriorem
1592 1085 1723 1169 partem
1750 1074 1846 1147 inve·

316 1174 489 1267 stigandi?
539 1175 697 1246 Attamen
721 1175 879 1250 Osiandri
906 1178 993 1250 liber
1014 1177 1228 1270 gravissimis
1253 1177 1528 1271 turpissimisque
1551 1177 1846 1250 criminationibus

318 1278 417 1374 plane
449 1277 595 1350 refertus
629 1287 682 1348 est
700 1273 774 1376 ²⁰);
816 1279 883 1352 sub
907 1281 1022 1375 specie
1050 1278 1277 1352 orthodoxiae
1304 1281 1424 1351 salsam
1449 1279 1641 1352 doctrinam
1665 1279 1846 1352 Arndtiam

316 1380 424 1454 luisse
454 1379 720 1473 dispersurum
765 1381 858 1474 quod
891 1382 1031 1474 quidem
1062 1383 1192 1456 crimen
1225 1383 1255 1456 si
1287 1403 1409 1454 verum
1443 1391 1556 1462 asset,
1597 1391 1747 1454 mentem
1780 1382 1845 1454 riri

316 1482 511 1560 macularet

418 1581 586 1666 Quoniam
611 1605 696 1656 vero
722 1585 826 1658 animi
853 1597 920 1657 tarn
946 1587 1081 1680 impigri
1113 1587 1244 1664 luerat,
1280 1586 1563 1678 praestantissimi
1589 1583 1741 1676 theologi
1764 1605 1845 1657 eum

317 1709 379 1782 pro
413 1697 552 1759 strenuo
586 1685 649 1756 Dei
682 1698 872 1781 pugnatore
903 1688 1096 1772 habebant;
1135 1685 1379 1759 verecundiam
1412 1709 1497 1758 vere
1528 1687 1620 1781 piam
1653 1707 1734 1778 erga
1767 1709 1846 1760 enm

316 1789 468 1861 servavit
490 1786 706 1870 berhardus,
741 1790 896 1880 quinon
924 1792 1027 1864 modo
1050 1811 1096 1862 ex
1123 1790 1258 1884 scriptis
1284 1810 1365 1860 cum
1392 1788 1572 1880 cognovit,
1611 1788 1674 1860 sed
1700 1810 1846 1861 consue·

316 1890 537 1980 rudineejus
571 1912 655 1962 usus
687 1902 740 1964 est
758 1887 820 1988 21).
881 1891 954 1964 lob.
978 1894 1049 1963 Val.
1077 1890 1298 1972 Andreaeus,
1336 1890 1479 1962 Arndtio
1512 1890 1685 1983 aequalis,
1725 1890 1770 1962 dc
1803 1911 1847 1964 co

317 1991 425 2066 dixit:
462 2042 513 2073 „.
538 2042 547 2062 .
571 2041 581 2062 .
608 1994 778 2076 sanctior,
805 2015 908 2086 quam
931 1995 1086 2079 doctior,
1124 1993 1302 2074 devotior,
1331 2013 1433 2085 quam
1459 1993 1712 2086 scrupulosior3
1751 2004 1786 2066 ct
1812 1994 1846 2066 in

317 2094 422 2168 domo
448 2094 512 2165 Dei
536 2091 692 2177 fidelior,
727 2117 829 2187 quam
855 2098 997 2179 clarior,
1033 2096 1117 2168 dum
1143 2096 1297 2176 viveret,
1332 2117 1413 2168 esse
1440 2095 1579 2165 maluit“
1597 2090 1657 2190 22).
1726 2096 1847 2187 Neque

317 2197 430 2269 minus
466 2195 573 2268 libere
605 2196 768 2271 Btrddeus
803 2201 976 2293 praedicat
1007 2198 1141 2270 Arndtii
1174 2217 1332 2288 magnam
1364 2196 1616 2268 eruditionem:
1659 2197 1846 2280 „Arndtius

318 2308 352 2370 at
378 2297 522 2372 solidam
549 2298 776 2372 eruditionem
803 2313 838 2372 et
868 2323 1039 2374 summum
1067 2300 1171 2371 animi
1204 2297 1390 2371 candorem
1421 2299 1466 2370 ad
1497 2296 1562 2370 hcc
1590 2298 1763 2372 scribendi
1789 2321 1847 2391 ge·

318 2422 382 2476 nus
409 2396 595 2496 (asceticae
623 2400 830 2500 theologiae)
857 2404 1041 2477 adhibuit.
1067 2455 1075 2474 .
1100 2413 1144 2474 .“
1166 2397 1229 2496 ²³).
1283 2402 1462 2474 Neminem
1488 2421 1611 2493 magna
1636 2423 1698 2474 sna
1725 2401 1848 2474 libera·

317 2504 410 2576 litata
436 2503 633 2576 consulatus
660 2525 729 2576 non
755 2515 830 2590 est;
868 2518 904 2578 ut
930 2508 1102 2586 omittam,
1136 2527 1216 2578 cum
1243 2525 1422 2585 nummos,
1459 2506 1518 2596 qui
1544 2505 1577 2574 ei
1602 2502 1725 2578 delicta
1752 2503 1847 2576 audi·

317 2605 390 2678 enti
415 2604 574 2682 solvendi
600 2617 717 2686 erant,
755 2609 963 2703 pauperibus
989 2608 1139 2682 donasse
1155 2603 1229 2701 ²⁴);
1275 2617 1343 2678 tam
1368 2605 1540 2697 benignus
1564 2617 1658 2687 erat,
1694 2618 1730 2679 nt
1754 2606 1847 2678 dice·

317 2717 394 2780 rent
417 2707 553 2783 miseris
573 2729 654 2780 enm
677 2709 753 2802 plus
776 2711 911 2802 largiri,
939 2731 1040 2804 qnam
1065 2711 1178 2804 ipsam
1200 2709 1370 2803 accipere.
1422 2707 1517 2791 Quae
1541 2709 1697 2800 malignis
1719 2710 1847 2780 calum-

318 2809 508 2883 niatoribus
535 2810 671 2882 occasio
697 2823 856 2906 exoptata
883 2814 945 2886 luit
965 2811 1110 2886 Arndtio
1136 2823 1253 2886 nostro
1275 2812 1390 2884 varias
1416 2819 1508 2884 artes
1534 2810 1742 2906 imputandi,
1774 2811 1847 2882 vel-

317 2913 367 2988 ati
391 2910 572 2986 artificium
596 2910 760 2988 hahuisse
786 2915 986 2999 dicebatur,
1023 2937 1093 3008 qno
1119 2936 1240 2988 aurum
1265 2911 1417 2986 efficeret
1435 2909 1495 3010 ²⁶).
1548 2913 1750 2995 Arndtium,
1789 2914 1847 3004 qui

318 3016 414 3089 initio
440 3014 553 3089 studio
578 3016 714 3088 medico
742 3039 821 3090 sese
847 3016 990 3092 dederat
1015 3018 1195 3090 Paracelso
1221 3028 1462 3111 praeceptore.
1490 3016 1547 3088 vel
1573 3017 1763 3109 posteriore
1789 3035 1846 3086 ae·
1908 3107 1910 3114 Α

318 3127 388 3192 tata
411 3117 610 3212 disciplinas
635 3119 787 3192 medicas
814 3130 848 3192 et
878 3119 1041 3216 physicas
1070 3129 1235 3194 tractasse
1262 3119 1448 3190 verisimile
1475 3127 1549 3202 est;
1599 3116 1663 3190 sed
1688 3118 1749 3188 vix
1775 3139 1849 3190 cre·

318 3219 401 3300 das,
443 3217 708 3315 Rahtmeyerum
735 3223 975 3296 calumniando
1005 3222 1070 3294 hoc
1104 3224 1149 3294 ita
1181 3241 1344 3303 namara,
1383 3232 1420 3292 ut
1450 3221 1564 3292 multis
1598 3219 1714 3292 verbis
1749 3219 1849 3290 nohis

318 3321 471 3418 probet,
519 3323 694 3415 quomodo
736 3325 898 3398 Arndtius
951 3347 1121 3398 summum
1173 3324 1257 3396 illud
1305 3343 1466 3396 arcanum
1514 3323 1736 3414 cognoverit,
1787 3321 1850 3394 sed

318 3443 421 3517 mam
456 3425 543 3496 male
576 3426 788 3516 excogitatae
823 3428 890 3500 sint
921 3427 1091 3519 ejusmodi
1126 3426 1280 3505 tabulae,
1324 3447 1387 3521 per
1411 3446 1450 3496 se
1484 3435 1590 3518 patet,
1626 3435 1661 3496 et
1694 3422 1849 3514 jamdiu

318 3528 440 3600 merito
463 3525 509 3598 de
533 3523 628 3598 hisce
655 3530 912 3602 narratiunculis
938 3530 1167 3621 abjudicatum
1197 3540 1250 3600 est
1266 3524 1327 3623 26).

419 3629 558 3700 Praeter
591 3629 675 3702 alias
702 3632 847 3703 virtutes
879 3633 1052 3726 Spenerus
1086 3633 1123 3704 in
1153 3630 1297 3704 Arndtio
1332 3631 1497 3722 imprimis
1530 3629 1645 3702 laudat
1676 3630 1849 3700 lenitatem

319 3731 490 3806 allabilcm
504 3727 579 3822 22),
604 3753 754 3826 eumque
780 3734 813 3804 in
841 3734 1059 3810 adversarios
1087 3734 1180 3829 ipsos
1206 3746 1355 3806 mentem
1379 3753 1516 3804 comem
1537 3731 1677 3824 quidem
1702 3741 1849 3804 attamen

320 3835 579 3926 sagacissimum
606 3857 766 3910 servasse
782 3831 853 3926 ²⁸);
890 3837 1071 3929 idemque,
1099 3835 1373 3929 quotiescunque
1403 3856 1517 3906 sermo
1544 3832 1589 3906 dc
1614 3833 1758 3906 Arndtio
1784 3843 1849 3913 est,

320 3957 399 4007 eum
430 3937 689 4030 cognominibus
720 3937 1003 4011 honoratissimis·
1024 3949 1169 4010 exornat
1188 3933 1249 4032 ²9).
1309 3938 1407 4007 Juxta
1439 3937 1562 4008 multas
1595 3937 1850 4008 criminationes

411 4194 449 4272 22)
483 4201 576 4256 Lucas
597 4199 810 4258 Ostandcr's
835 4201 932 4258 Theol.
955 4200 1130 4263 Dedenken,
1164 4197 1285 4269 Tdbing.
1313 4199 1401 4254 tart.
1427 4201 1454 4253 8.
1484 4200 1513 4254 in
1534 4197 1624 4270 prael.
1646 4196 1682 4253 ad
1704 4197 1850 4254 lectorem.

324 4311 362 4326 -
431 4276 471 4358 2⁰)
501 4282 689 4340 Ostandcr.
715 4289 831 4357 p.llt;
858 4287 968 4358 pttl.
991 4315 1029 4326 -
1097 4278 1138 4358 21)
1172 4284 1207 4339 cf.
1231 4281 1420 4340 Gerhardi
1450 4284 1538 4355 praet.
1561 4283 1592 4339 in
1614 4279 1851 4340 Arndtiil‘osa‘lt

324 4383 426 4438 evang.
456 4374 485 4424 st
512 4371 542 4424 in
565 4369 628 4440 ejus
650 4371 780 4442 explicat.
803 4373 885 4444 psalt.
916 4401 954 4412 -
1043 4364 1083 4446 22)
1118 4367 1310 4432 Andreae,
1344 4367 1497 4425 Salaniana
1518 4367 1684 4440 Augustalia
1704 4367 1776 4424 illm.
1804 4370 1850 4424 tr.

326 4456 415 4510 tolli.
447 4455 563 4526 incepta
588 4456 677 4511 1633,
711 4458 792 4528 epist.
817 4459 865 4512 57.
895 4474 922 4528 p.
947 4459 995 4512 st.
1026 4483 1064 4498 -
1142 4447 1182 4529 ²³)
1215 4454 1311 4524 llagni
1334 4452 1460 4523 theologi
1482 4453 1578 4510 Saloni
1600 4445 1730 4528 )ltuddsi)
1752 4453 1851 4508 histor.

323 4539 412 4596 critic.
436 4539 559 4610 theolog.
582 4539 677 4609 dogm.
702 4546 732 4596 at
751 4543 850 4598 moral.
882 4541 981 4600 Fretrt.
1007 4542 1097 4596 rant.
1123 4541 1149 4595 t.
1179 4553 1208 4610 p.
1226 4540 1358 4614 333)-
1439 4531 1479 4614 22)
1509 4537 1664 4603 Walclr,
1698 4537 1799 4592 llistor.
1823 4553 1850 4593 u.

323 4623 409 4680 theol.
431 4624 601 4694 Einlattuug.
625 4627 670 4680 111.
698 4642 726 4696 p.
747 4629 815 4682 tas.
839 4653 876 4670 -
952 4621 992 4701 ²⁵)
1025 4625 1159 4682 Itchtm.
1183 4623 1225 4678 tv.
1256 4639 1283 4695 p.
1303 4625 1372 4680 333.
1397 4651 1435 4666 -
1517 4615 1557 4699 26)
1588 4622 1852 4680 Dinomenen.

324 4725 351 4780 p.
377 4711 444 4766 rao.
469 4737 507 4753 -·
583 4703 623 4786 27)
656 4709 830 4782 Sponer's
852 4711 950 4768 Theol.
972 4710 1137 4767 llcdenlren.
1174 4709 1253 4766 llalla
1280 4709 1367 4766 tros.
1391 4710 1434 4766 111.
1461 4725 1490 4779 p.
1516 4709 1584 4762 1137.
1609 4735 1647 4750 -
1715 4699 1754 4782 28)
1791 4706 1854 4778 ejus

323 4793 418 4850 Lctzte
438 4794 506 4850 Bed.
535 4794 613 4851 hlalls
639 4797 727 4852 1731.
751 4797 779 4852 1.
801 4797 844 4852 111.
869 4799 978 4868 praa.
1003 4823 1042 4838 ·-
1110 4788 1150 4870 22)
1173 4793 1241 4850 ibid.
1265 4795 1285 4850 h
1307 4795 1427 4865 patu
1458 4793 1501 4850 111.
1524 4809 1553 4866 p.
1568 4795 1644 4860 316;
1674 4791 1761 4848 theol.
1784 4791 1852 4848 llcd.

325 4879 368 4934 111.
392 4895 421 4951 p.
440 4881 519 4949 tta,
559 4879 621 4951 ejus
643 4881 761 4938 consilia
784 4881 870 4938 theol.
894 4883 987 4939 latina.
1023 4879 1334 4936 mentionata
1364 4895 1392 4950 p.
1416 4878 1502 4934 atla.

1611 4988 1648 5042 ν
