4770 6086
1314 634 1366 710 66

572 837 769 912 hominihus
783 839 855 918 niti,
884 838 964 922 „die
980 838 1144 913 'selbsten
1171 839 1242 910 wol
1266 837 1367 912 mehr
1377 838 1513 912 biechts
1539 837 1688 912 hedbrllt
1708 835 2104 932 undgewnnsehet1t.‘⁶

571 942 727 1014 Profecto
769 939 885 1015 bibliis
924 941 1031 1014 sacris
1069 963 1139 1014 non
1175 940 1316 1013 multum
1350 942 1561 1016 auctoritatis
1577 997 1580 1004 .
1596 941 1755 1013 trihuiun
1772 937 1815 1037 ²).
1891 941 1958 1012 Sed
1995 943 2107 1037 primo

571 1053 711 1138 aspectu
738 1042 908 1125 videmus,
932 1065 1005 1116 rem
1031 1043 1133 1139 plane
1156 1043 1393 1116 diversissime
1418 1041 1613 1125 sehahere,
1640 1047 1802 1136 quoniam
1817 1042 1982 1116 Arndtius
1998 1065 2105 1116 unum

572 1146 762 1217 alterumve
789 1146 902 1217 locum
928 1146 1136 1241 exscriptis
1165 1147 1315 1240 priorum
1343 1145 1567 1241 mysticorum
1584 1144 1808 1241 deprompsit,
1835 1167 1975 1240 semper
1990 1151 2105 1217 autam

573 1247 677 1318 biblia
705 1267 801 1319 sacra
828 1259 1003 1320 auctorem
1035 1245 1211 1344 profitetur
1227 1245 1281 1345 3),
1321 1271 1434 1341 neque
1467 1247 1658 1339 intelligere
1685 1267 1888 1342 possumus,
1931 1247 2106 1340 quomodo

573 1347 741 1422 Osiander
767 1351 946 1421 veritatem
971 1353 1015 1422 ita
1041 1349 1189 1445 potuerit
1208 1362 1419 1446 pervertere,
1445 1373 1552 1445 quum
1570 1351 1729 1443 exempli
1756 1351 1864 1444 gratia
1889 1351 1923 1422 in
1937 1351 2108 1442 quinqua·

573 1451 707 1544 gesimo
740 1453 850 1546 capite
887 1452 965 1524 libri
998 1452 1140 1526 secundi
1173 1454 1290 1546 plures
1321 1470 1423 1545 quam
1455 1453 1634 1544 sexaginta
1659 1451 1754 1526 locos
1782 1475 1829 1525 ex
1855 1450 1972 1523 hihllia
1997 1451 2107 1524 sacris

573 1552 730 1624 laudatos
757 1554 990 1640 inveniamus3
1025 1557 1060 1625 in
1086 1555 1196 1648 capite
1221 1554 1268 1626 52
1297 1556 1491 1627 invenimus
1517 1554 1584 1640 aa,
1618 1555 1652 1624 in
1679 1575 1753 1649 cap.
1772 1554 1821 1627 53
1846 1553 2015 1626 hahemus
2040 1551 2106 1638 aa,

576 1655 746 1749 incapite
773 1654 820 1727 dl
854 1658 998 1748 legimus
1022 1657 1069 1728 20
1088 1653 1131 1748 ⁴¹).
1184 1657 1253 1729 Sed
1279 1655 1344 1728 hac
1367 1679 1404 1729 re
1424 1657 1585 1728 Osiandri
1611 1654 1852 1729 vehementiae
1878 1677 1948 1727 nou
1974 1665 2028 1728 est
2054 1675 2109 1727 sa·

575 1757 759 1842 tislactum;
790 1759 895 1830 immo
917 1781 1003 1830 vero
1029 1759 1121 1841 dicit,
1144 1757 1324 1831 Arndtiuna
1350 1759 1496 1831 verbum
1507 1758 1570 1830 Dei
1596 1759 1759 1852 scripturn
1788 1759 1886 1854 parvi
1911 1757 2106 1839 aestimare,

576 1881 682 1952 quum
709 1860 823 1932 bibliis
846 1863 953 1934 sacris
978 1862 1118 1933 omnino
1154 1860 1236 1933 nihil
1269 1861 1380 1933 solatii
1406 1861 1573 1934 concedat
1609 1879 1721 1952 neque
1756 1857 1919 1934 lectorem
1946 1859 2108 1950 gravissi-

575 1963 642 2034 mis
663 1963 976 2057 impugnationibus
999 1975 1162 2034 vexatum
1198 1963 1242 2035 ad
1279 1965 1483 2058 scripturam
1510 1983 1644 2035 sacram
1678 1975 1867 2044 monstret,
1905 1961 1969 2034 sed
1996 1962 2031 2031 in
2057 1961 2108 2033 in·

576 2075 712 2135 ternum
735 2064 798 2136 Dei
824 2065 981 2144 verbum,
1010 2065 1041 2135 in
1069 2066 1222 2138 internas
1249 2065 1514 2140 illuminationes
1546 2075 1583 2138 et
1608 2065 1840 2138 revelationes
1858 2063 1902 2156 6).
1954 2064 1992 2134 ln
2018 2062 2109 2154 ejus-

576 2167 676 2238 modi.
695 2167 889 2238 temeritate
912 2166 1125 2260 audaciaque
1148 2189 1217 2238 non
1244 2189 1429 2262 possumus
1454 2169 1669 2251 nisi·tacere';
1694 2187 1773 2237 nam
1791 2168 1850 2261 qui
1865 2164 2109 2239 totinrlrndtii

575 2269 672 2340 libris
707 2270 802 2341 locos
834 2269 1044 2342 clarissimos
1078 2269 1219 2361 negligit
1250 2268 1314 2342 hac
1338 2272 1577 2342 criminatione
1603 2269 1754 2365 prolata,
1801 2269 1873 2340 vix·
1889 2267 2015 2359 dignus
2043 2279 2108 2350 est,

575 2393 653 2443 com
689 2393 757 2464 quo
784 2370 987 2466 disputetur.
1039 2370 1223 2444 hrndtius:
1264 2373 1416 2453 „idcirco
1443 2373 1582 2468 spiritus
1601 2372 1746 2444 ‘sanctus
1775 2371 1809 2441 in
1837 2371 1946 2442 verbo
1973 2369 2036 2442 Dei
2059 2372 2109 2442 ef·

577 2470 823 2553 „ficacissimas
862 2475 1116 2546 consolationes
1159 2471 1329 2546 adversos
1367 2475 1457 2545 illam
1498 2473 1755 2567 (tentationeml
1795 2469 2108 2563 consignaretur

575 2574 801 2668 quamohrem
827 2585 1002 2646 auctorem
1029 2587 1183 2647 nostrum
1215 2598 1285 2647 non
1310 2573 1623 2672 reprehendamus,
1660 2575 1754 2667 quod
1781 2589 1896 2647 eoram
1919 2573 1992 2645 lleo
2019 2575 2110 2666 ejus-

575 2697 647 2770 que
671 2677 817 2750 ecolesia
844 2687 996 2759 testatur,
1024 2679 1091 2750 sibi
1116 2678 1187 2748 vim
1214 2689 1249 2749 et
1272 2678 1428 2767 injuriam
1457 2679 1585 2760 inlerri,
1612 2688 1715 2770 atque
1736 2687 1861 2771 sperat,
1886 2677 1996 2747 Deum
2022 2677 2111 2750 tales

577 2779 831 2851 criminationes
857 2779 1129 2868 abjudicaturum
1160 2789 1196 2850 et
1212 2781 1448 2854 criminatores
1472 2798 1716 2877 perversurum
1735 2799 1815 2852 esse
1833 2778 1875 2873 7).
1927 2775 2110 2853 Veteribus

577 2881 643 2954 illis
666 2880 761 2954 libris
783 2881 938 2976 mysticis
956 2882 1130 2954 hominem
1148 2903 1233 2954 vere
1254 2881 1475 2954 christianum
1503 2883 1556 2956 uti·
1570 2882 1792 2963 nondebere,
1818 2893 1913 2976 putat
1930 2879 2107 2964 Osiander,

577 2983 640 3056 sed
667 2982 909 3056 bibliissacris
934 2985 1027 3067 solis,
1054 2984 1216 3078 qnoniam
1232 2983 1385 3056 Christus
1410 2985 1485 3080 ipse
1508 2983 1651 3058 dixerit:
1681 3005 1830 3065 „sermm
1858 2977 2114 3076 quemlboutus

579 3107 699 3168 „sums
717 3085 773 3156 ille
796 3086 963 3176 judicabit
988 3109 1067 3158 enm
1091 3087 1125 3158 io
1152 3087 1342 3159 novissimo
1369 3087 1425 3158 die
1449 3086 1540 3184 (Johs
1551 3087 1613 3167 112,
1631 3086 1734 3173 ltil).“
1784 3083 1923 3157 Talibus
1950 3085 2110 3156 nimirum

577 3188 785 3278 argumentis
818 3191 1052 3282 unusquisque
1088 3190 1235 3260 libenter
1266 3190 1493 3261 assentietur!
1553 3188 1722 3260 Osiandcr
1751 3183 1898 3280 quidem
1929 3187 1996 3260 sibi
2031 3209 2108 3282 per·

578 3309 728 3362 suasum·
752 3289 856 3361 habet
872 3288 916 3383 8).
968 3291 1138 3363 Maximos
1177 3291 1324 3385 impetus
1353 3291 1522 3366 Osiander
1556 3291 1636 3362 lecit
1669 3291 1703 3360 in
1739 3290 1846 3362 libros
1881 3289 2032 3370 lhul'cri,
2074 3289 2109 3360 in

578 3389 785 3484 theologiam
810 3395 1053 3485 germanicam,
1080 3393 1115 3462 in
1140 3393 1296 3485 Weigelii
1329 3393 1464 3464 librom.
1477 3395 1523 3466 de
1550 3393 1716 3464 oratione.
1770 3393 1903 3465 Tauleri
1928 3391 2114 3464 adoriendi

577 3495 661 3566 satis
695 3515 841 3568 caussae
875 3497 1043 3568 obtulisse
1075 3495 1213 3566 videtur
1245 3497 1341 3568 locus
1374 3497 1523 3568 ineuntis
1557 3495 1635 3566 libri
1669 3496 1757 3567 tertii
1784 3494 1829 3566 de
1854 3518 1888 3563 v.
1916 3492 2015 3576 Chr.,
2052 3493 2109 3564 uhi

576 3594 739 3669 Arndtius
775 3597 860 3670 x(licit
887 3621 926 3671 se
952 3598 1083 3678 ineis,
1124 3617 1214 3690 quae
1241 3598 1463 3692 expositurus
1498 3599 1544 3670 sit
1567 3617 1683 3690 ¹qoam
1714 3595 1788 3669 fieri
1810 3598 1934 3691 ⁴possit
1959 3597 2111 3668 maxime

576 3698 709 3771 Tauleri
736 3700 881 3791 vestigia
908 3721 988 3772 esse
1013 3709 1210 3772 secuturum
1228 3696 1273 3794 9).
1325 3698 1508 3793 Expressis
1535 3699 1636 3790 igitur
1661 3701 1791 3780 verbis,
1818 3699 1902 3770 dieit
1928 3697 2109 3779 Osiander,

578 3799 742 3876 Arndtius
773 3799 966 3896 profitetur,
1018 3824 1057 3874 se
1095 3801 1219 3874 librum
1253 3823 1352 3873 suum
1387 3801 1522 3873 tertium
1555 3801 1689 3873 Taoleri
1721 3800 1859 3896 seriptis
1892 3799 2110 3872 fundaturum

578 3923 657 3975 esse
673 3900 733 3996 1⁰).
785 3903 830 3974 At
853 3903 1018 3976 Arndtius
1044 3905 1184 3975 minime
1210 3903 1277 3976 hoc
1299 3904 1394 3984 lecit,
1427 3903 1491 3975 aad
1516 3924 1756 3997 nonnusquam
1782 3903 1818 3974 in
1840 3923 1882 3974 ea
1910 3902 2112 3975 monstravit

665 4150 687 4235 ¹)
710 4159 902 4242 Osiander.
932 4165 1027 4236 p.3l;
1057 4165 1092 4220 cl.
1115 4166 1204 4236 pti.
1228 4193 1267 4206 -
1334 4157 1357 4242 ²)
1380 4161 1451 4220 lhid.
1478 4167 1570 4238 pla.
1596 4193 1634 4206 -
1699 4154 1724 4244 3)
1748 4163 1921 4232 Egardus.
1953 4163 2043 4236 ptb.
2070 4191 2107 4202 -—

579 4239 603 4324 ⁴)
625 4245 819 4302 Veranius.
842 4249 861 4313 l,
886 4265 913 4320 p.
933 4251 982 4304 56.
1005 4239 1044 4290 ὲ-
1110 4244 1134 4326 ⁵)
1158 4247 1351 4305 Osiander.
1374 4265 1403 4320 p.
1422 4247 1491 4306 225.
1514 4239 1571 4289 —'
1621 4243 1998 4327 ⁶)11,'c.5t.·p.278b;
2022 4245 2056 4304 cl.
2081 4239 2111 4318 p‘s

580 4331 630 4387 te.
661 4356 700 4374 ι-
772 4325 800 4407 7)
825 4333 1093 4405 ltepet.·apol.=ll,
1126 4351 1153 4407 p.
1175 4333 1276 4402 5⁰8h3
1305 4333 1344 4390 ib.
1369 4333 1582 4406 p.l9la;.cl.
1605 4335 1790 4391 Veranius.
1813 4335 1839 4400 l,
1862 4349 1890 4406 p.
1909 4335 2017 4388 5l.-
2083 4325 2111 4408 ⁸)

580 4415 784 4476 Osiander.:
801 4419 900 4487 pssabu
930 4417 1080 4479 Arndtium
1095 4433 1220 4476 non-ea
1239 4421 1369 4484 ratione,
1390 4435 1449 4492 qua
1464 4425 1554 4490 putat
1574 4418 1731 4485 Osiander.
1762 4417 1904 4490 ejusmodi
1932 4417 2014 4474 libris
2043 4415 2112 4489 mv*

579 4503 665 4563 stium
678 4517 867 4574 usumesse,
896 4519 951 4574 per
971 4519 1003 4562 se
1025 4509 1117 4575 patet;
1151 4503 1293 4566 Osiander
1314 4505 1409 4570 affert,
1439 4505 1612 4576 scriptorem
1634 4511 1767 4568 nostrum
1797 4504 1925 4564 eandem
1947 4503 2110 4560 (loctunam

579 4593 640 4642 tum
660 4593 749 4652 reete,
773 4591 833 4642 tum
855 4597 991 4659 perverse
1014 4591 1199 4660 proposuisse
1231 4587 1396 4654 „nuchdem
1423 4601 1456 4645 er
1483 4590 1522 4644 im
1544 4590 1761 4647 Ausschraiben
1789 4592 1877 4646 einen
1908 4590 2011 4644 reinan
2035 4585 2108 4641 oder

580 4673 759 4739 „unreinen,
786 4671 858 4743 Jetzt
878 4671 966 4727 einen
994 4674 1075 4728 recht
1096 4674 1331 4746 evangelischen,
1362 4674 1441 4729 dann
1464 4675 1552 4729 einen
1575 4673 1760 4746 pa‘hstischen
1783 4675 1855 4732 oder
1876 4677 1996 4730 sonstau
2019 4671 2105 4726 elnon

580 4755 879 4916 ,ipphgvtpmeplischen
896 4763 1026 4900 apperepr
1039 4761 1252 4900 pngetrollensti
1272 4756 1548 4900 Oezazndhpffldtl.
1572 4787 1634 4903 -36
1676 4754 1701 4836 9)
1725 4763 1768 4829 lll,
1793 4763 1880 4817 cll.
1903 4773 1931 4829 p.
1946 4752 2043 4812 aaut.
2067 4781 2106 4795 -

677 4856 755 4898 stan
792 4859 839 4900 er.
863 4860 891 4915 p.
950 4859 1015 4912 ;c.
1068 4858 1219 4901 arenrus
1254 4859 1311 4916 .p.
1373 4860 1380 4912 3
1435 4859 1499 4914 gar
1526 4886 1533 4898 .
1557 4860 1584 4917 p.
1640 4885 1646 4900 .
