4770 6086
1338 605 1509 738 an=

597 873 826 946 fundamentis
854 872 1015 942 nituntur.
1070 867 1346 939 Criminationem
1372 867 1463 938 illam
1486 867 1623 939 Corvini
1636 863 1687 957 55)
1727 889 1851 938 vanam
1882 889 1980 950 esse,
2016 871 2124 963 primo

594 988 736 1070 aspectu
772 968 1007 1062 videmus⁵²].
1059 971 1235 1042 Fusiorem
1270 971 1361 1041 enim
1390 970 1594 1040 sententiam
1621 993 1735 1066 neque
1761 970 1806 1042 de
1832 971 1983 1062 angelis,
2012 993 2124 1064 neque

595 1079 639 1150 de
667 1089 783 1150 satana
810 1075 973 1147 Arndtius
1010 1073 1044 1143 iu
1078 1073 1174 1144 libris
1208 1071 1280 1142 suis
1311 1071 1483 1164 exposuit.
1536 1072 1743 1168 Simpliciter
1766 1072 1909 1165 angelos
1936 1072 2124 1146 credidisse

594 1181 730 1252 ridetur
745 1179 833 1249 tueri
849 1178 1006 1248 homines
1020 1172 1079 1269 ⁵³).
1133 1175 1224 1244 Haec
1247 1171 1416 1245 sufficiant
1440 1173 1485 1243 ad
1506 1173 1594 1246 hanc
1613 1175 1885 1247 criminationem
1901 1175 2122 1256 refutandam,

594 1305 700 1375 quum
724 1291 816 1352 tanto
844 1279 1054 1350 defendendi
1078 1276 1222 1358 ardore,
1255 1286 1383 1368 quanto
1410 1277 1557 1370 scriptor
1582 1279 1738 1373 mysterii
1765 1277 1950 1370 iniquitatis
1978 1277 2123 1434 pseudo·

594 1378 888 1475 evangelicaettt
915 1403 984 1452 non
1012 1379 1244 1452 incendamur.

696 1485 792 1556 Clara
818 1484 1084 1556 voceOsiander
1110 1481 1252 1571 castigat
1267 1478 1401 1550 Arndtii
1422 1479 1642 1570 allegoricam
1666 1481 1980 1596 interpretationem
2002 1419 2123 1550 biblio·

595 1611 681 1668 r,um
710 1609 822 1680 neque
845 1586 1117 1659 desiderantur
1109 1608 1143 1654 in
1170 1581 1235 1652 hac
1258 1581 1494 1654 criminatione
1521 1585 1657 1654 nomina
1686 1585 1740 1656 illa
1768 1583 1980 1655 somniorum
2004 1581 2122 1651 fanati-

593 1713 734 1770 corum,
764 1688 1104 1767 enthusiasticorum,
1131 1681 1476 1798 Pelagianorpm⁵5⁸l
1529 1684 1651 1756 Merito
1678 1686 1817 1780 quidem
1842 1682 2012 1756 Osiander
2035 1683 2124 1753 vitu·

594 1803 701 1888 perat,
729 1789 908 1862 Arndtium
936 1790 1073 1882 saepius
1098 1787 1226 1866 dicere,
1255 1785 1367 1856 omnia
1395 1786 1428 1855 in
1457 1787 1565 1858 sacris
1591 1787 1740 1858 bibliis
1732 1811 1766 1857 rn
1793 1785 2004 1880 nobisipsis
2026 1785 2122 1878 spiri·

594 1897 728 1966 tualiter
755 1894 861 1988 repeti
887 1892 1017 1963 debere
1027 1887 1117 1976 555)
1154 1888 1324 1959 immerito
1356 1897 1469 1958 emen
1502 1889 1647 1960 credere
1675 1889 1812 1962 videtur
1834 1887 2014 1960 Arndtium
2044 1909 2122 1958 ceu·

593 1999 705 2069 srrisse
732 2017 801 2067 non
828 1995 960 2073 omnia,
997 2013 1086 2083 quae
1115 1992 1147 2060 in
1176 1990 1290 2061 bibliis
1325 1990 1433 2060 sacris
1459 2001 1655 2074 narrantur,
1690 2013 1812 2064 revera
1847 1992 1890 2062 ita
1919 2011 1998 2060 esse
2025 1989 2121 2060 iacta.

592 2099 755 2170 Arndtius
780 2097 884 2166 multo
912 2095 1025 2188 potius
1047 2092 1195 2172 dicebat,
1224 2091 1337 2164 omnia
1364 2114 1407 2163 eo
1435 2103 1563 2164 tantum
1591 2095 1736 2166 consilio
1756 2094 1929 2172 evenisse,
1955 2101 1991 2160 nt
2007 2090 2122 2162 denno

595 2204 627 2272 in
656 2199 757 2270 nobis
783 2195 915 2278 fierent,
939 2207 976 2266 ut
1000 2196 1102 2266 nobis
1129 2205 1301 2287 tamquam
1330 2196 1508 2289 exemplar
1530 2205 1750 2288 ponerentur.
1803 2195 1871 2266 Sed
1898 2194 1990 2264 nullo
2019 2191 2123 2264 modo

592 2301 755 2373 Arndtins
773 2297 1171 2370 Schwenkleldiauorum
1198 2317 1335 2367 errores
1361 2309 1500 2368 secutus
1523 2309 1586 2378 est,
1614 2319 1720 2389 quum
1744 2298 1837 2378 dicit,
1866 2296 1981 2367 omnia
2004 2294 2038 2364 in
2062 2316 2123 2366 no·

593 2407 646 2476 liis
674 2402 788 2474 iterari
811 2400 941 2472 debere
964 2402 997 2470 in
1025 2398 1093 2470 fide
1120 2409 1155 2470 et
1181 2399 1299 2492 spiritu
1311 2393 1373 2486 55).
1427 2400 1488 2469 Hic
1511 2398 1703 2481 Arndtium,
1730 2400 1887 2493 quamvis
1913 2397 1988 2468 aliis
2016 2397 2051 2468 in
2075 2396 2123 2468 lo·

592 2509 642 2579 cis
664 2505 710 2576 de
735 2503 803 2576 fide
817 2503 977 2574 docuerit
994 2513 1099 2582 recte,
1127 2501 1351 2572 fanaticorum
1376 2501 1528 2594 opinioni
1554 2521 1735 2574 assensum
1759 2523 1839 2574 esse
1849 2499 2018 2572 Osiander
2043 2520 2124 2570 con·

594 2609 712 2680 tendit.
766 2606 809 2675 At
835 2603 999 2675 Arndtius
1026 2624 1194 2695 nusquam
1221 2602 1323 2684 dicit,
1351 2603 1553 2695 scripturam
1581 2615 1733 2674 sanctam
1760 2625 1806 2676 ex
1832 2613 1948 2674 nostra
1970 2599 2039 2672 fide
2063 2621 2124 2672 ex·

592 2709 782 2805 plicandam
811 2729 908 2787 esse,
945 2705 1038 2798 quod
1074 2727 1169 2776 more
1203 2703 1452 2776 haereticorum
1484 2704 1647 2778 dixisset:
1687 2707 1750 2778 sed
1780 2705 1973 2783 contendit,
2018 2702 2125 2773 biblia

592 2834 690 2886 sacra
726 2813 766 2881 in
788 2809 876 2880 lide
905 2806 1064 2878 Christi
1094 2829 1173 2878 esse
1205 2806 1418 2900 explicanda.
1473 2807 1629 2878 Ceterum
1656 2807 1822 2881 Varenius
1844 2809 1878 2878 in
1905 2803 2123 2878 defendendo

591 2914 735 2986 Arndtio
756 2921 851 2983 extra
869 2909 955 2980 fines
968 2909 1080 3000 justos
1102 2929 1263 2998 egressus
1276 2931 1355 2980 esse
1374 2907 1582 2998 videtur57),
1602 2932 1709 3002 quum
1726 2921 1842 2982 contra
1860 2908 2064 2980 Osiandrum
2072 2902 2123 2995 55)

592 3017 690 3097 dicit,
721 3012 902 3084 Arndtium
928 3033 996 3082 uon
1021 3011 1231 3104 postulasse,
1270 3021 1308 3082 ut
1343 3011 1458 3083 omnia
1491 3013 1675 3104 allegorice
1701 3014 2026 3107 'interpretaremum
2068 3011 2124 3080 vel

592 3118 771 3213 expressis
786 3115 904 3185 verbis
916 3113 1081 3184 Arndtius
1099 3112 1197 3191 dixit,
1225 3113 1366 3184 omnia
1392 3114 1427 3182 in
1445 3113 1546 3186 nobis
1562 3115 1781 3210 spiritualiter
1802 3115 1819 3183 l
1823 3113 1902 3186 ieri
1917 3112 2047 3184 debere
2060 3109 2123 3200 59).

695 3219 834 3290 Praeter
857 3217 922 3286 alia
950 3214 1117 3287 Osiander
1143 3213 1349 3307 improbavit
1371 3215 1589 3307 allegoricam
1616 3216 1861 3311 interpretandi
1882 3216 2050 3287 rationem
2074 3214 2124 3285 hi·

593 3323 718 3396 storiae
750 3320 796 3392 de
823 3318 929 3390 Caluo
956 3328 990 3388 et
1014 3315 1134 3387 Abale.
1196 3317 1305 3399 Quam
1335 3315 1475 3409 quidem
1511 3319 1740 3390 narrationem
1766 3319 1912 3413 scriptor
1936 3327 2055 3388 noster
2080 3318 2124 3388 ita

592 3423 753 3519 explicat,
782 3431 820 3490 nt
846 3421 971 3491 luctam
997 3419 1110 3491 carnis
1132 3430 1167 3490 et
1193 3419 1331 3513 spiritus
1359 3419 1393 3488 in
1421 3419 1559 3492 homine
1584 3419 1759 3512 designari
1769 3419 1963 3494 contendat.
2006 3418 2125 3491 Osian·

591 3528 672 3606 der,
722 3523 782 3616 qui
808 3521 897 3593 hanc
924 3521 1102 3593 historiam
1138 3531 1308 3614 tamquam
1337 3521 1520 3614 imaginem
1555 3524 1746 3594 accuratius
1778 3521 1965 3616 depingere
1999 3521 2123 3601 studet

588 3631 810 3706 demonstrat,
838 3623 947 3695 Abele
966 3625 1103 3693 afratre
1127 3624 1243 3694 occiso
1270 3623 1372 3694 etiam
1395 3646 1523 3695 novum
1540 3623 1715 3696 hominem
1739 3625 1805 3696 sub
1829 3624 1961 3718 peccati
1976 3634 2124 3717 potesta·

589 3744 657 3802 tam
678 3728 798 3820 redigi.
852 3727 920 3798 Sed
947 3747 1037 3796 nunc
1064 3724 1232 3796 Osiander
1255 3721 1384 3814 justum
1410 3726 1552 3797 modum
1579 3727 1846 3818 transgreditur,
1880 3747 1985 3818 quum
2008 3737 2124 3819 postu·

589 3833 645 3913 lat,
670 3841 706 3902 ut
732 3829 857 3910 omnia,
887 3827 989 3899 etiam
1017 3826 1178 3898 minimae
1205 3849 1273 3909 res,
1301 3827 1335 3896 in
1364 3828 1547 3918 imaginem
1570 3828 1739 3920 quadrare
1765 3829 1924 3901 debeant.

688 4027 751 4110 v,
802 4019 855 4092 Ad
883 4020 1036 4112 quintam
1066 4031 1101 4092 et
1125 4021 1316 4114 proximam
1344 4021 1619 4094 criminationum
1650 4034 1782 4117 partem
1809 4024 1977 4099 adeuntes
2011 4029 2124 4102 consi·

589 4126 712 4199 derare
738 4123 909 4198 debemus
932 4121 1184 4202 dubitationes,
1222 4142 1310 4214 quae
1339 4123 1372 4194 in
1396 4123 1548 4215 singulas
1572 4124 1783 4206 locutiones,
1818 4126 1920 4200 falsas
1943 4140 1978 4200 et
2003 4127 2123 4202 haere·

591 4230 686 4307 tices,
713 4227 862 4322 prolatae
890 4233 980 4296 sunt.

675 4429 755 4512 ⁵¹]5
739 4435 919 4508 55.p.l2
943 4467 982 4478 -
1049 4431 1089 4516 ⁵²)
1112 4439 1174 4492 Jam
1190 4435 1331 4490 Hieron.
1348 4433 1540 4489 Bahrins
1533 4433 2003 4508 rnllrndtinAotipietistahanc
2026 4441 2124 4497 crimi-

592 4521 745 4577 nationem
768 4519 914 4588 retractu
944 4523 979 4578 cl.
1003 4521 1159 4579 Unsclruld
1182 4519 1285 4578 Nachr.
1315 4519 1380 4590 Lpz.
1408 4519 1496 4576 4745.
1528 4521 1637 4590 ρ..300
1662 4549 1700 4562 -
1775 4515 1814 4598 53)
1837 4521 1953 4594 Paradg.
1978 4524 2122 4594 p.;605b

593 4605 697 4675 667b3
722 4609 815 4662 etloa.
841 4633 879 4646 -
952 4601 992 4682 55)
1014 4607 1211 4679 Mysterium
1203 4607 1272 4676 rniq.
1294 4619 1321 4675 p.
1342 4605 1410 4660 toa.
1434 4633 1471 4644 -
1548 4597 1605 4680 555)
1629 4605 1821 4664 Osiander.
1845 4623 1872 4680 p.
1890 4610 1978 4664 83-
1992 4609 2059 4664 tol.
2083 4637 2121 4650 -·-

593 4687 731 4767 554554
735 4693 857 4764 .p..35
881 4719 920 4730 -
984 4685 1025 4766 55)
1047 4693 1162 4764 Mysten
1186 4690 1410 4763 pdtea-tat
1434 4689 1563 4758 Egard.
1586 4693 1767 4762 ρ.5;6-Ή
1788 4693 1915 4750 varen.
1938 4695 1958 4758 l,
1980 4696 2121 4765 pm·-

594 4779 663 4831 395.
687 4805 725 4818 -
814 4768 855 4852 57)
883 4775 1134 4848 Var.1,p.290.
1160 4805 1199 4818 --
1286 4767 1326 4851 ⁵⁸)
1359 4771 1549 4830 Osiandcr.
1573 4778 1729 4847 p.85.90.
1753 4805 1791 4820 -
1878 4771 1919 4854 55)
1948 4779 1974 4844 1,
2005 4781 2070 4834 cli.
2094 4795 2120 4850 p.

594 4863 665 4916 tta.
692 4860 763 4918 l'lb.
