4874 6060
1342 639 1390 712 3²1

606 841 714 912 Deum
751 839 914 933 precandi
949 841 1081 916 ratione
1117 841 1284 915 substrata
1322 855 1385 918 est
1450 843 1577 915 ductor
1614 842 1716 934 igitur
1746 851 1863 915 noster
1896 862 1972 914 eam
1999 851 2128 914 tantum

607 943 837 1037 precationem
873 958 933 1036 pro
972 961 1055 1016 vera
1089 941 1213 1026 babet,
1256 967 1345 1039 quae
1384 968 1430 1018 cx
1464 944 1531 1036 hoc
1562 944 1667 1016 animi
1696 942 1813 1016 habitu
1848 944 1920 1017 Deo
1955 944 2127 1016 offeratur.

606 1046 818 1137 Quamquam
839 1043 1001 1118 Arndtius
1026 1068 1133 1140 mum
1156 1046 1201 1119 de
1227 1050 1423 1142 precatione
1445 1048 1652 1140 loqueretur,
1679 1046 1834 1137 Wcigelii
1860 1046 2048 1120 sententiae
2075 1069 2128 1118 se·

607 1157 706 1220 cutus
741 1169 820 1220 esse
859 1145 1011 1229 videtur,
1044 1159 1176 1230 tamen,
1215 1152 1371 1243 quamvis
1406 1150 1584 1241 utriusque
1620 1149 1809 1220 sententiae
1846 1149 1954 1243 primo
1988 1159 2128 1242 aspectu

608 1270 718 1345 paene
751 1249 897 1322 eaedem
929 1250 1110 1322 videantur
1141 1271 1241 1333 esse,
1271 1251 1341 1343 jum
1374 1252 1609 1332 fundamenta,
1641 1273 1688 1323 ex
1723 1249 1848 1342 quibus
1873 1261 2127 1344 processerunt,

605 1351 708 1445 plane
735 1363 814 1423 sunt
835 1351 1080 1424 diversissima.
1131 1352 1281 1446 Uterque
1308 1355 1342 1426 in
1369 1352 1541 1449 meccado
1567 1353 1720 1448 spiritum
1748 1361 1902 1424 sanctum
1929 1353 1963 1422 in
1989 1350 2129 1424 homine

609 1454 683 1547 ipso
708 1455 801 1546 loqui
827 1455 982 1548 putabat;
1009 1475 1111 1548 quam
1137 1455 1274 1547 quidem
1301 1456 1498 1550 opinionem
1523 1455 1663 1528 minime
1688 1454 1930 1548 aspernabere,
1957 1453 1985 1526 si
2012 1455 2056 1526 ita
2078 1454 2128 1524 in·

608 1555 759 1647 telliges,
791 1565 828 1626 ut
851 1555 992 1651 spiritus
1020 1567 1157 1628 sanctus
1181 1579 1250 1628 non
1274 1579 1319 1628 cx
1346 1556 1505 1652 peculiari
1533 1556 1743 1629 revelatione
1766 1556 1828 1627 Dei
1854 1557 1887 1627 iu
1915 1554 2055 1628 homine
2080 1555 2129 1627 lo·

609 1669 745 1750 quatur,
773 1657 836 1731 sed
861 1679 881 1728 a
907 1655 976 1731 lide
1000 1668 1037 1730 ct
1061 1677 1157 1730 sacra
1185 1651 1350 1753 scriptura
1372 1657 1613 1754 proficiscatur.
1666 1657 1851 1747 Weigelius
1877 1669 1992 1729 antem
2015 1657 2129 1747 singu·

611 1761 738 1834 laribus
763 1760 1030 1832 revelationibus
1052 1759 1179 1832 divinis
1199 1761 1408 1853 gloriabatur
1424 1757 1488 1849 ⁶⁰).
1539 1760 1638 1857 Apud
1664 1759 1843 1832 Arndtium
1869 1770 1940 1831 tres
1966 1758 2130 1853 precandi

610 1863 738 1955 gradus
766 1863 811 1934 ita
838 1872 918 1934 sunt
932 1860 1156 1952 intelligendi,
1175 1873 1218 1932 ut
1244 1864 1329 1934 varii
1357 1863 1545 1936 doctrinam
1571 1863 1789 1936 christianam
1810 1860 2043 1954 cognoscendi
2064 1872 2130 1932 sta·

611 1977 666 2036 tus
692 1963 934 2058 significentur,
960 1963 1054 2055 quod
1080 1963 1182 2035 ctiam
1207 1964 1391 2057 Weigelius
1416 1965 1608 2051 contendit;
1633 1964 1698 2036 sed
1722 1962 1896 2044 Arndtius,
1920 1963 2014 2055 quod
2040 1963 2130 2035 Wei-

610 2067 721 2159 gelius
745 2066 872 2146 docuit,
900 2065 1013 2136 nullo
1036 2067 1128 2137 loco
1153 2065 1260 2148 dixit,
1291 2067 1465 2140 hominem
1495 2067 1539 2139 ad
1566 2088 1736 2140 summum
1762 2066 1965 2160 precationis
1987 2064 2130 2157 gradum

612 2170 773 2264 peculiari
799 2177 928 2240 tantum
946 2167 1009 2238 Ilei
1035 2168 1244 2241 revelatione
1271 2192 1374 2264 posse
1395 2169 1597 2243 ascendere.
1649 2170 1683 2240 Si
1700 2166 1765 2240 hoc
1782 2167 1885 2240 modo
1897 2167 2130 2262 precationem

611 2271 895 2366 contemplamur,
922 2269 1036 2344 animo
1061 2279 1179 2342 nostro
1204 2270 1433 2344 obversantur
1454 2292 1599 2346 arcanae
1626 2272 1702 2344 illae
1728 2281 1797 2342 tres
1821 2271 1898 2341 viae
1923 2267 1968 2342 ad
1988 2269 2050 2341 Dei
2077 2292 2130 2342 sa·

611 2374 772 2469 pientiam
798 2371 982 2452 ducentes,
1009 2393 1094 2464 quas
1116 2373 1252 2466 mystici
1277 2384 1414 2446 vetares
1436 2374 1643 2454 docuerunt,
1681 2373 1772 2442 viam
1797 2370 2023 2465 purgationis,
2057 2372 2130 2444 illu·

611 2476 815 2556 minationis,
841 2474 1090 2548 communionis
1106 2473 1170 2562 tt),
1223 2475 1360 2547 Praeter
1382 2476 1467 2548 alios
1490 2477 1585 2548 locos
1609 2474 1748 2547 ductus
1773 2475 1924 2546 maxime
1945 2473 2131 2548 edocemur

611 2577 657 2650 de
682 2577 872 2659 sententiis,
900 2596 986 2668 quae
1012 2576 1087 2672 ipse
1113 2577 1158 2650 de
1182 2577 1377 2671 precatione
1399 2579 1540 2662 loverit3
1578 2579 1613 2648 in
1640 2578 1753 2673 priore
1779 2575 1915 2649 disserit
1938 2574 1984 2648 de
2008 2577 2130 2672 triplici

611 2701 740 2773 genere
760 2679 932 2776 precandi,
958 2676 1005 2749 da
1025 2679 1120 2761 orali,
1148 2680 1292 2764 interno,
1315 2681 1587 2774 ·sapematurali;
1615 2681 1648 2750 in
1671 2678 1860 2775 posteriore
1885 2676 2037 2771 quinque
2055 2699 2130 2772 pre·

610 2782 754 2855 cationis
767 2779 894 2874 gradus
910 2793 1151 2853 commemorat
1164 2777 1233 2872 ⁶²),
1259 2789 1409 2875 quorum
1426 2783 1580 2876 quintum
1605 2803 1715 2874 genus
1732 2781 1988 2874 supernaturale
2014 2780 2130 2873 aequi·

613 2895 723 2981 parat:
751 2935 890 2966 .....
892 2893 993 2974 atque
1021 2904 1081 2979 per
1107 2881 1195 2956 hanc
1221 2885 1386 2955 internam
1411 2885 1599 2956 orationem
1625 2883 1827 2955 deducimur
1860 2882 1904 2953 ad
1930 2891 2132 2976 supernatu-

612 2989 736 3066 ralem,
764 2986 921 3080 quaesit,
945 2985 1088 3056 Tanlero
1111 2996 1209 3067 teste,
1236 3007 1298 3080 per
1321 3005 1440 3056 veram
1466 2986 1627 3057 unionem
1653 3006 1730 3058 cum
1744 2985 1834 3069 Ileo;
1858 2982 1994 3078 quando
2014 2993 2131 3054 noster

613 3089 750 3184 spiritus
781 3098 914 3160 creatus
943 3088 1154 3179 colliquescit
1179 3098 1213 3159 ct
1238 3087 1466 3179 submergitur
1493 3089 1527 3158 in
1553 3088 1671 3183 spiritu
1698 3087 1760 3160 Dei
1793 3088 1943 3160 increato
1956 3081 2042 3180 ⁶³).“
2091 3085 2130 3156 vSi

612 3192 714 3282 igitur
738 3189 901 3262 Arndtius
934 3189 1069 3262 tertium
1095 3199 1130 3260 et
1155 3190 1439 3285 perfectissimum
1466 3189 1629 3262 orationis
1651 3189 1793 3280 gradum
1824 3190 1869 3261 ita
1895 3188 2130 3268 intellexisset,

613 3303 649 3364 ut
673 3292 808 3364 animus
835 3303 955 3365 noster
975 3313 1054 3363 cum
1080 3291 1152 3362 Deo
1179 3291 1453 3384 conjungeretur,
1481 3311 1549 3383 qua
1574 3313 1612 3364 re
1636 3291 1747 3363 inllei
1774 3302 1928 3363 naturam
1953 3302 1988 3364 et
2013 3310 2131 3363 ossen·

612 3396 693 3465 tiam
727 3395 1021 3487 transgrederetur
1045 3403 1082 3465 et
1105 3391 1373 3476 dissolveretur,
1397 3395 1491 3486 ¹quin
1518 3394 1585 3465 imo
1617 3394 1653 3464 in
1679 3394 1752 3466 Deo
1778 3391 1986 3486 liquefieret,
2024 3393 2068 3464 ita
2096 3401 2131 3462 ut

612 3496 716 3567 animi
740 3499 847 3569 nostri
875 3517 1019 3592 persona
1046 3495 1198 3568 interiret
1223 3505 1312 3580 tota3
1349 3496 1516 3568 sententia
1543 3495 1617 3586 ejus
1642 3517 1782 3591 prorsus
1808 3506 1900 3568 esset
1926 3493 2130 3591 respuenda,

612 3619 701 3690 quac
726 3598 770 3669 ad
797 3599 930 3672 somnia
953 3599 1098 3670 alance
1125 3597 1323 3690 etquidem
1349 3597 1607 3682 Quietistarum,
1632 3619 1719 3690 quos
1746 3608 1890 3678 vocant,
1917 3597 2130 3692 perduceret.

612 3701 680 3774 Sed
706 3701 813 3774 verba
840 3701 1002 3796 „spiritus
1023 3710 1141 3772 nonar
1165 3699 1374 3791 colliquescit
1403 3701 1436 3770 in
1459 3701 1520 3771 Dei
1546 3701 1687 3794 spiritu“
1715 3697 1780 3770 hoc
1806 3719 1875 3772 uno
1902 3709 2031 3770 mutum
2056 3699 2133 3771 loco

613 3803 819 3895 ecquidem
846 3823 949 3876 sensu
978 3803 1212 3881 inveniuntur,
1239 3813 1340 3894 atque
1366 3824 1413 3872 ex
1437 3801 1569 3874 Tauleri
1600 3801 1735 3896 scriptis
1759 3800 1941 3894 desumpta
1966 3809 2061 3884 sunt;
2098 3799 2130 3870 in

612 3906 687 3976 aliis
709 3906 809 3986 locis,
845 3905 902 3976 ubi
922 3903 967 3976 de
990 3905 1117 3976 unione
1142 3903 1246 3974 animi
1270 3904 1376 3975 nostri
1403 3927 1479 3975 cum
1506 3905 1578 3976 Deo
1606 3903 1763 3984 disserit,
1799 3924 1868 3973 non
1894 3901 1938 3973 de
1965 3901 2131 3994 coloqui-

613 4019 667 4078 tur
689 4007 842 4100 scriptor,
869 4007 961 4100 quod
985 4026 1131 4102 persona
1158 4005 1261 4075 animi
1287 4003 1424 4075 humani
1450 4007 1610 4097 intereat;
1637 4013 1843 4100 quapropter
1868 4025 1937 4075 non
1963 3999 2132 4074 habemus

612 4129 767 4181 caussam
794 4107 972 4186 Arndtium
998 4129 1152 4181 errorum
1178 4105 1400 4206 fanaticorum
1425 4107 1645 4189 criminandi,
1680 4125 1886 4200 quamquam
1912 4103 2131 4178 concedimus

614 4213 648 4282 in
675 4231 797 4302 magno
832 4209 910 4284 eum
945 4210 1098 4306 periculo
1129 4220 1303 4282 versatum
1329 4231 1425 4291 esse,
1469 4221 1506 4283 ut
1539 4209 1572 4281 in
1594 4208 1763 4299 ejusmodi
1795 4229 1931 4279 errores
1956 4207 2131 4280 incideret

612 4313 679 4408 lpsi
706 4311 790 4382 haec
812 4313 982 4403 cogitandi
1003 4313 1095 4404 ratio
1120 4332 1187 4382 non
1213 4311 1294 4383 satis
1323 4313 1499 4407 perspicua
1524 4312 1632 4383 luisse
1642 4309 1790 4390 videtur,
1815 4333 1920 4404 quum
1935 4307 1981 4384 de
2000 4311 2133 4382 interna

613 4415 767 4487 oratione
793 4415 911 4486 verbis
946 4425 1014 4484 tam
1041 4412 1280 4486 communibus
1302 4423 1431 4495 utatur,
1467 4435 1557 4507 quae
1581 4413 1626 4484 ad
1652 4413 1765 4483 omnia
1801 4413 1863 4484 tria
1887 4411 2049 4505 precandi
2073 4432 2132 4501 ge·

612 4538 695 4589 nera
724 4512 878 4588 adhiberi
906 4517 1054 4611 possint.¹
1099 4512 1212 4610 lllrrltis
1247 4515 1330 4586 locis
1357 4517 1501 4613 scriptor
1537 4517 1625 4587 inter
1649 4513 1736 4585 duas
1770 4524 1898 4586 tuntum
1929 4511 2132 4608 precationis

694 4734 735 4816 ⁶⁰)
758 4690 999 4810 Hagenbach,
1022 4739 1128 4795 llorles.
1149 4739 1192 4795 111.
1213 4755 1240 4809 p.
1255 4740 1324 4796 311.
1340 4713 1399 4802 Υ--Ι
1436 4734 1477 4815 61]
1500 4738 1599 4796 Gottlr.
1619 4736 1772 4804 Arnold,
1789 4739 1909 4794 llistorie
1925 4734 2131 4793 ultescbreib.

612 4826 638 4882 d.
656 4835 738 4899 myst
754 4826 916 4898 Theologie.
930 4842 958 4897 p
975 4828 1041 4882 tta.
1067 4852 1104 4865 -
1155 4816 1198 4898 ⁶²)
1220 4823 1336 4895 Paradg.
1351 4826 1440 4897 prael.
1460 4843 1487 4897 p.
1502 4826 1572 4881 att.
1595 4853 1633 4866 -
1679 4817 1720 4900 ⁶³)
1741 4824 1773 4879 ll.
1789 4839 1814 4880 c.
1829 4824 1878 4881 tt.
1902 4838 1930 4897 p.
1945 4822 2011 4876 185.
