4770 6086
1332 631 1382 708 lli

592 840 683 911 llaec
708 839 922 933 apologetica
948 849 983 911 et
1008 840 1096 912 liber
1109 867 1122 911 z·
1164 835 1368 932 „geistlicbe
1394 837 1622 912 Sendbrie'le“
1659 840 1800 910 maximi
1826 840 1861 910 in
1887 843 2120 912 controversia

591 939 778 1014 Amdtiana
795 951 875 1014 sont
895 942 1070 1012 momenti.
1123 940 1305 1033 Postquam
1329 939 1394 1012 bae
1412 941 1589 1036 epistolae,
1613 961 1703 1033 quae
1730 941 2030 1016 librisarndtianis
2048 955 2120 1016 tan·

593 1051 712 1137 tepere
728 1044 856 1125 lavent,
873 1043 1042 1134 cognitae
1060 1052 1152 1124 sont,
1177 1043 1273 1113 multi
1297 1042 1415 1116 acerbi
1442 1040 1737 1136 vehementerque
1755 1043 1944 1116 adversarii
1954 1045 2120 1136 judicium

591 1165 753 1216 severum
780 1145 968 1218 mollivisse
993 1146 1050 1216 vel
1075 1153 1278 1218 retractasse
1301 1143 1471 1216 videntur.

693 1246 780 1331 Quid
808 1247 955 1327 Nicolai,
995 1247 1127 1339 collega
1162 1246 1339 1328 Osiandri,
1376 1256 1495 1341 postea
1530 1246 1576 1318 de
1600 1245 1735 1318 Arrrdtii
1770 1247 1905 1340 scriptis
1935 1250 2119 1332 consumit,

587 1350 658 1440 pm
685 1346 994 1445 indicavimus²⁶);
1020 1371 1089 1421 uno
1115 1359 1245 1420 tantum
1268 1347 1397 1439 judicio
1424 1346 1480 1422 bic
1505 1359 1650 1430 utamur,
1677 1348 1771 1441 quod
1796 1348 1898 1422 lllieh.
1917 1349 2119 1434 Waltheros,

593 1449 772 1543 theologus
805 1451 965 1544 quidam,
1010 1452 1046 1521 in
1081 1452 1225 1546 epistola
1268 1449 1313 1522 ad
1344 1451 1494 1530 amicum
1535 1450 1611 1522 data
1662 1451 1837 1544 professos
1876 1463 1946 1533 est,
1992 1454 2121 1527 scilicet

590 1552 769 1638 Arndtium
795 1554 891 1648 plura
916 1553 1042 1626 rectius
1068 1554 1290 1633 intellexisse,
1318 1572 1420 1644 mmm
1447 1553 1628 1647 scripsisse
1640 1551 1702 1646 Ἡ).

693 1655 826 1748 Optime
864 1657 976 1726 meriti
1012 1667 1092 1728 sont
1130 1654 1175 1726 de
1203 1653 1416 1748 explicandis
1449 1655 1608 1728 obscuris
1642 1655 1727 1727 loeis
1763 1656 1928 1727 librorum
1957 1655 2003 1728 de
2034 1677 2119 1730 vero

592 1756 848 1828 Christianismo
873 1757 1040 1828 Veranius
1075 1769 1109 1827 et
1134 1755 1330 1830 Dorsaheos
1343 1751 1410 1847 ²⁸t.
1449 1758 1514 1828 viri
1549 1757 1757 1839 doctissimi,
1791 1779 1833 1830 eo
1858 1757 1951 1850 quod
1978 1759 2138 1850 singolis¹

592 1859 878 1955 expressionibus
910 1857 1003 1928 haud
1026 1859 1109 1928 satis
1132 1859 1322 1953 perspicuis
1344 1859 1593 1932 adnotationes
1628 1858 1841 1940 indiderunt,
1872 1861 2000 1952 quibus
2026 1870 2121 1933 recte

591 1962 883 2052 intelligerentur3
920 1981 987 2054 qua
1014 1959 1059 2030 de
1083 1980 1206 2034 caussa
1232 1961 1337 2032 etiam
1361 1961 1609 2056 posterioribus
1635 1961 1844 2035 editionibus
1870 1961 2005 2034 additae
2029 1973 2118 2034 sunt.

691 2062 823 2134 Eodem
842 2074 1006 2158 tempore,
1035 2085 1103 2154 quo
1130 2063 1342 2157 apologetica
1360 2062 1547 2135 Arndtiana
1569 2063 1739 2155 divulgata
1758 2073 1846 2144 sunt,
1874 2063 2120 2156 Ncrimbergae

592 2167 679 2245 alius
706 2165 793 2236 liber
817 2187 877 2260 pru
902 2187 940 2238 re
965 2163 1152 2235 Arndtiana
1178 2167 1212 2236 in
1239 2166 1363 2257 volgus
1389 2165 1500 2236 editus
1528 2175 1600 2245 est,
1637 2165 1734 2256 cujus
1760 2165 1839 2236 libri
1862 2188 1928 2238 nos
1954 2166 2020 2238 nisi
2043 2166 2120 2239 tito·

591 2269 661 2339 lum
682 2265 806 2338 afferre
833 2264 916 2338 nibil
943 2287 1144 2360 possumus:
1174 2264 1473 2361 „Unparteiisches
1498 2265 1637 2348 Urtbeil‚
1661 2269 1775 2340 wofttr
1797 2283 1876 2337 man
1901 2267 1959 2340 die
1984 2265 2120 2342 Bitober

592 2368 824 2452 „lobrlmdts
846 2391 927 2440 vom
945 2367 1086 2440 wahren
1099 2368 1370 2441 Christentbume
1389 2367 1503 2440 balteo
1527 2370 1601 2449 soll,
1628 2367 1738 2441 durch
1752 2367 1825 2440 lob.
1839 2367 2117 2466 mubeunsffltf‘

613 2519 615 2528 ν
691 2471 870 2543 Praeterea
896 2471 984 2542 liber
1005 2471 1105 2542 nobis
1131 2483 1328 2544 asservatus
1354 2470 1502 2563 estqui
1529 2471 1743 2542 inscribitur:
1772 2469 1913 2552 „schola
1931 2471 2118 2546 Arndtiana

592 2571 725 2657 „durch
754 2573 947 2644 Mauritium
970 2571 1112 2655 Rachel,
1146 2573 1303 2646 Rostoclr.
1342 2572 1475 2646 1627.“
1528 2573 1656 2646 Auctor
1691 2573 1893 2646 defensores
1925 2583 1960 2646 et
1988 2577 2118 2650 amicos

593 2676 747 2756 Arretii,
770 2675 826 2746 vel
852 2677 964 2769 potius
988 2697 1069 2756 eos,
1092 2675 1151 2766 qui
1177 2675 1273 2747 libris
1299 2675 1374 2766 ejus
1402 2684 1552 2756 utuntur,
1586 2676 1620 2746 in
1643 2685 1802 2766 quattuor
1827 2675 1957 2748 classes
1978 2675 2117 2750 dividit:

591 2778 832 2874 superciliosos
856 2799 1030 2858 censores,
1054 2777 1194 2850 dolosos
1217 2777 1433 2858 seductores,
1460 2778 1591 2850 otiosos
1612 2777 1823 2857 laudatores,
1852 2798 2017 2870 operosos
2044 2801 2118 2852 seo.

593 2893 739 2964 talarem
779 2900 985 2971 quamquam
1013 2881 1174 2973 scriptum
1203 2900 1310 2973 pauca
1337 2879 1507 2961 eontinet,
1540 2901 1631 2972 quae
1671 2879 1715 2954 ad
1741 2901 1814 2952 rem
1840 2891 1991 2951 nostram
2020 2902 2118 2975 spee-

591 2992 673 3064 tant‚
699 2992 812 3052 tamen
839 2982 958 3053 lectori
984 2982 1125 3072 singolis
1151 2982 1236 3054 locis
1262 2991 1369 3052 status
1390 2983 1559 3054 ecclesiae
1587 2983 1676 3059 illius
1702 2981 1824 3054 aetatis
1849 2981 1939 3052 clare
1962 2980 2117 3076 depingi-

592 3099 657 3156 tur.
710 3083 820 3153 Etiam
846 3082 902 3154 hic
923 3083 1010 3154 liber
1036 3105 1114 3155 raro
1136 3083 1282 3154 inveniri
1299 3082 1446 3163 videtur,
1473 3085 1636 3175 quoniam
1663 3105 1777 3176 neque
1795 3081 1976 3162 Walcbios‚
2004 3105 2117 3177 neque

593 3183 819 3258 llambaehius
845 3186 998 3257 libellum
1025 3186 1200 3276 tegerone
1229 3195 1349 3259 nostra*
1371 3184 1576 3256 bibliotheca
1602 3185 1767 3280 possidet.
1994 3209 1995 3212 ’

693 3289 849 3380 Denique
888 3286 1133 3378 Norimbergae
1172 3306 1262 3359 anno
1297 3286 1394 3360 luta
1435 3287 1603 3379 Georgius
1636 3289 1781 3360 Treuios
1814 3287 1939 3360 edidit:
1996 3290 2117 3384 prasio

593 3391 755 3464 biblicam
779 3390 1012 3469 Amdtianam,
1038 3389 1097 3481 qui
1123 3389 1210 3462 liber
1234 3389 1327 3485 apud
1354 3390 1525 3462 neminem
1552 3390 1619 3461 nisi
1646 3412 1692 3462 ex
1716 3390 1815 3462 titolo
1842 3401 1895 3462 est
1917 3401 2029 3464 notus.

661 3703 687 3786 g.
712 3706 740 3760 ⁸1.
784 3699 860 3774 Quid
882 3703 1006 3762 ecelesia
1026 3703 1192 3774 posterioris
1215 3704 1354 3775 temporis
1376 3704 1414 3760 de
1435 3702 1517 3762 libris
1538 3702 1704 3762 Arndtianis
1726 3704 1858 3769 censent,
1882 3702 2047 3776 explicatur.

691 3907 917 3998 Posteaquam
948 3915 1106 3977 auetores
1135 3904 1282 3976 illustres
1308 3925 1497 3997 eorumque
1531 3907 1565 3976 in
1593 3918 1736 3998 utraque
1762 3915 1858 4000 parte
1874 3907 2010 4000 'scripta
2037 3927 2116 3998 cog·

593 4011 761 4091 novimus,
787 4009 937 4080 breviter
962 4007 1064 4080 nobis
1090 4006 1155 4078 erit
1178 4005 1477 4090 considerandum,
1506 4011 1606 4100 quale
1632 4008 1733 4078 luerit
1756 4003 1922 4098 judicium
1949 4007 2116 4081 ecclesiae

593 4111 789 4206 posterioris
816 4111 979 4206 temporis
1005 4109 1049 4180 de
1076 4107 1171 4182 libris
1197 4105 1404 4181 Arndtianis.
1458 4111 1656 4203 Insequenti
1682 4119 1793 4182 aetate
1819 4109 2010 4204 peculiares
2036 4132 2117 4182 con·

593 4214 782 4288 troversias
806 4212 850 4286 de
872 4213 969 4284 libris
995 4210 1128 4284 Arndtii
1155 4219 1273 4282 enatae
1298 4233 1368 4282 non
1394 4233 1492 4298 esse,
1528 4233 1597 4284 non
1624 4209 1795 4284 difficilem
1821 4207 1925 4284 habet
1950 4232 2118 4286 caussam.

593 4316 706 4387 Animi
736 4314 893 4409 quidem,
920 4336 1041 4408 *quum
1075 4313 1146 4402 jam
1179 4311 1299 4404 viginti
1332 4333 1441 4386 annos
1476 4313 1521 4387 de
1556 4314 1622 4386 illis
1656 4313 1752 4385 libris
1777 4312 1986 4409 disputatum
2013 4325 2116 4396 esset,

594 4585 635 4668 κ)
658 4592 700 4646 ot.
717 4590 742 4662 5.
756 4591 783 4645 t.
805 4603 833 4659 p.
849 4590 895 4644 aa.
910 4615 959 4630 x--
1025 4581 1065 4664 ²⁷]
1087 4587 1120 4644 e.
1143 4553 1289 4644 arnoia.
1312 4590 1344 4645 u.
1368 4605 1394 4660 p.
1409 4590 1468 4646 sta
1482 4605 1507 4644 a.
1530 4615 1570 4630 --
1636 4582 1677 4666 att
1699 4589 1798 4646 aarum
1812 4589 2022 4654 aanoooones,
2045 4603 2119 4658 quas

593 4677 704 4732 nomini
726 4673 865 4730 Dorschei
891 4671 1012 4728 tributas
1032 4673 1181 4739 invenias,
1212 4687 1313 4730 revera
1334 4672 1371 4730 ab
1395 4689 1431 4729 eo
1453 4679 1613 4744 conceptae
1641 4675 1699 4730 sint
1721 4670 1932 4751 (Dicemann
1954 4673 1972 4728 l.
1995 4673 2013 4727 l.
2034 4672 2066 4738 Π,
2089 4687 2116 4744 p.

595 4755 769 4901 {m'aad’nnlelc
784 4751 1023 4915 pe⁴pS⁴chartt
1045 4773 1073 4828 p.
1091 4751 1160 4834 aa),
1184 4756 1304 4816 dubium
1326 4763 1385 4826 est;
1417 4759 1455 4818 ita
1476 4757 1611 4816 Walob.
1634 4761 1678 4826 lli,
1701 4777 1731 4870 p.
1753 4761 1823 4818 att.
1846 4785 1884 4802 -
1948 4749 1990 4830 Ἀ)
2011 4756 2119 4814 Diac-
