4770 6086
1000 669 1047 743 tt

260 883 390 946 tantum
416 871 581 944 librorum
607 872 741 944 illorum
768 872 864 946 locos
886 873 1108 968 improbaret,
1135 872 1180 945 de
1203 891 1269 965 qua
1296 894 1334 943 re
1359 871 1491 963 collega
1513 869 1634 942 Melch.
1657 869 1786 942 Nicolai

259 997 323 1046 uos
340 975 505 1047 certiores
525 969 678 1067 sarith),
705 985 818 1046 umen
845 974 996 1070 profiteri
1021 976 1200 1056 debemus,
1228 995 1302 1056 uos,
1331 973 1361 1046 si
1385 974 1501 1046 titulus
1527 971 1628 1044 nubis
1651 972 1786 1064 ignotus

259 1078 390 1159 luisset,
417 1098 487 1147 nun
513 1075 700 1158 divinasse,
723 1074 814 1148 hunc
839 1076 962 1148 librum
989 1099 1009 1148 a
1035 1079 1232 1173 professore
1258 1097 1371 1168 euque
1395 1072 1587 1166 theologiae
1613 1075 1786 1168 couscrip-

259 1190 330 1252 tum
357 1201 447 1252 esse.
500 1177 640 1252 Minime
666 1178 859 1250 invenimus
885 1180 1036 1252 animum
1062 1179 1236 1272 quietum,
1269 1200 1338 1248 non
1365 1178 1511 1269 legimus
1535 1175 1786 1249 admonitiones

259 1283 407 1363 amicas,
434 1301 520 1373 quas
545 1303 592 1352 ex
617 1281 674 1351 tali
699 1277 839 1352 homine
861 1294 1062 1376 exspectes,
1099 1290 1217 1353 contra
1245 1280 1390 1374 scriptor
1417 1301 1486 1351 uon
1512 1277 1698 1357 dubitavit,
1725 1299 1786 1349 ex-

258 1384 457 1479 pressiones
483 1383 752 1477 simplicissimas
768 1392 802 1453 et
821 1383 1012 1456 locutiones
1039 1384 1188 1454 maxime
1216 1382 1415 1477 perspicuas
1441 1380 1568 1451 adoriri
1594 1391 1697 1472 atque
1725 1381 1786 1450 im·

258 1486 424 1582 probare,
451 1485 520 1555 imo
546 1495 582 1556 ut
604 1485 690 1575 juris
718 1485 869 1578 speciem
895 1485 960 1558 sibi
986 1487 1196 1565 vindicaret,
1234 1483 1403 1554 Osiander
1427 1482 1588 1555 dimidias
1611 1481 1786 1577 phrasium

258 1597 372 1684 partes
388 1587 512 1668 omisit,
538 1607 628 1678 quae
654 1587 749 1680 ipsae
775 1586 1013 1661 antecedentia
1040 1588 1221 1683 explicant.
1274 1587 1345 1656 Nec
1364 1585 1428 1656 hac
1454 1607 1492 1655 re
1518 1585 1580 1654 luit
1606 1595 1785 1656 contentus

257 1688 493 1773 adversarius,
527 1687 670 1760 Arndtio
696 1689 798 1760 vertit
832 1689 965 1761 crimini
1000 1689 1188 1764 sententias
1220 1697 1255 1760 et
1279 1688 1474 1767 doctrinas,
1517 1707 1605 1778 quae
1629 1687 1663 1757 in
1690 1687 1785 1756 libris

257 1792 332 1882 ejus
353 1791 492 1863 omnino
511 1812 580 1862 non
595 1791 825 1862 inveniuntur.
878 1793 1044 1864 Severum
1069 1791 1210 1884 quidem
1236 1789 1356 1861 vitium
1377 1787 1431 1860 his
1451 1787 1569 1860 verbis
1581 1787 1786 1860 Osiandrom

257 1893 473 1966 commisisse
489 1889 698 1987 profitemur,
725 1891 818 1984 quod
843 1903 957 1965 umen
983 1894 1188 1990 probaturos
1215 1913 1279 1962 nos
1298 1913 1376 1964 esse
1402 1910 1590 1986 speramus.
1641 1891 1786 1962 Tantum

256 1996 396 2076 aberat,
430 2005 468 2065 ut
492 1995 550 2066 vel
577 1993 745 2066 Osiander
770 2015 817 2064 ex
844 1994 1005 2068 cathedra
1028 1996 1202 2068 orationes
1229 1991 1383 2073 haberet,
1407 1993 1532 2085 quibus
1558 1993 1663 2064 animi
1688 1993 1785 2064 audi·

259 2109 369 2170 torum
394 2095 439 2166 ad
465 2097 625 2190 pietatem
652 2095 928 2180 incenderentur,
956 2109 994 2169 ut
1016 2098 1236 2191 quaestiones
1259 2105 1398 2188 argutas
1412 2105 1599 2187 nouusque
1616 2105 1784 2167 tractaret.

257 2201 472 2294 Quapropter
497 2199 596 2270 miles
622 2198 761 2290 quidam
787 2199 988 2291 aliquando,
1025 2222 1132 2292 quum
1158 2198 1326 2270 Osiander
1362 2199 1395 2268 in
1423 2199 1569 2269 ecclesia
1595 2199 1787 2270 orationem

257 2299 410 2382 haberet,
437 2309 532 2370 tauto
554 2301 678 2372 ardore
704 2312 883 2395 correptus
909 2304 1015 2375 luisse
1033 2302 1168 2383 dicitur,
1192 2311 1230 2371 ut
1256 2301 1373 2372 stricto
1399 2299 1512 2392 gladio
1539 2299 1584 2371 ad
1601 2299 1784 2372 cathedrae

256 2404 382 2476 scalam
403 2399 606 2474 ascenderet
632 2425 679 2473 ex
703 2403 941 2496 Osiandroque
972 2405 1101 2478 furiose
1138 2412 1340 2497 quaereret:
1394 2426 1457 2475 cur
1482 2425 1552 2474 nou
1589 2403 1695 2474 duces
1721 2403 1784 2476 Dei

256 2501 493 2602 verbumtlt‘l
545 2505 651 2590 Quam
690 2515 810 2596 argute
835 2505 1003 2580 Osiander
1039 2507 1146 2578 libros
1172 2505 1381 2577 Arndtianos
1414 2506 1628 2586 tractaverit,
1667 2527 1784 2576 exeo

258 2609 338 2682 satis
353 2617 503 2704 apparet,
530 2605 624 2702 quod
646 2629 691 2678 ex
719 2629 784 2677 una
812 2609 984 2681 locutione
1012 2617 1091 2680 sex
1108 2608 1275 2680 diversas
1298 2608 1486 2680 sententias
1512 2606 1703 2679 haereticas
1724 2607 1785 2679 eli-

257 2732 335 2782 cere
353 2711 478 2791 studet,
503 2710 712 2802 quasivero
737 2709 773 2780 in
799 2721 919 2802 quarto
946 2712 1085 2783 saeculo
1111 2721 1146 2782 et
1169 2711 1289 2802 quinto
1312 2710 1458 2791 viveret,
1485 2710 1545 2779 ubi
1558 2710 1689 2780 amicus
1705 2731 1784 2780 cunr

257 2813 366 2884 amico
393 2812 437 2885 de
464 2812 569 2883 rebus
594 2811 721 2884 divinis
746 2813 841 2906 loqui
867 2833 936 2884 non
962 2822 1106 2908 poterat,
1134 2813 1216 2906 quin
1243 2813 1278 2882 iu
1304 2811 1496 2884 doctrinam
1513 2811 1685 2905 quandam
1702 2809 1783 2882 hae·

257 2915 396 2986 reticem
422 2913 598 2986 incideret.

355 3017 458 3087 Plane
488 3016 586 3087 aliter
620 3018 665 3090 de
687 3017 830 3089 Arndtio
859 3020 1033 3113 Spenerus
1065 3017 1232 3110 loquitur:
1274 3017 1377 3098 „Was
1412 3038 1540 3088 unsern
1572 3014 1782 3087 werthesteu

257 3117 389 3200 ,Arndt
413 3119 587 3210 anlanget,
623 3118 698 3192 hats
731 3119 849 3192 bisher
885 3122 974 3192 allen
1011 3120 1132 3192 seineu
1158 3119 1310 3192 Feinden
1332 3118 1438 3190 daran
1461 3118 1673 3210 gemangelt,
1714 3116 1784 3187 ihm

257 3243 347 3303 „nur
371 3222 474 3293 einen
499 3221 739 3294 erweislicheu
767 3220 912 3294 lrrthum
938 3220 1131 3294 darzuthun
1147 3219 1235 3316 ΙΨ
1904 3223 1911 3240 ’

356 3321 552 3416 insequenti
578 3331 733 3418 tempore
766 3324 894 3395 affatim
919 3325 964 3396 de
991 3323 1150 3395 Osiandri
1176 3323 1264 3394 libro
1290 3323 1519 3413 abjudicatum
1546 3330 1616 3401 est,
1649 3333 1683 3392 et
1711 3320 1785 3416 ipse

256 3425 386 3517 collega
412 3426 504 3516 ejus,
533 3423 654 3496 Melch.
681 3426 832 3509 Nicolai,
859 3438 979 3521 postea
1007 3425 1076 3508 „de
1102 3424 1373 3507 Arndtianismo,
1399 3424 1524 3516 inquil,
1551 3423 1670 3517 paucis
1693 3421 1783 3502 dico,

259 3527 553 3609 „controversiam
575 3549 653 3600 esse
679 3529 883 3612 verborum,
910 3551 980 3600 uon
1006 3549 1121 3599 rerum
1149 3539 1183 3600 et
1207 3548 1227 3597 a
1253 3528 1345 3599 Luca
1367 3525 1537 3598 Osiandro
1562 3547 1632 3596 nou
1656 3533 1785 3596 tantum

259 3629 318 3711 „in
345 3629 469 3711 rebus,
509 3629 573 3700 sed
599 3630 701 3701 etiam
730 3630 764 3702 in
787 3631 905 3702 verbis
932 3629 1171 3702 vehementius
1198 3651 1301 3722 quam
1327 3651 1384 3702 res
1411 3627 1621 3723 postulabat,
1664 3628 1783 3717 exagi-

261 3741 386 3813 „tatam
397 3729 483 3829 29).“
544 3731 615 3803 Nec
652 3732 751 3804 aliter
785 3733 916 3824 judicat
948 3731 1200 3814 Affelmannus,
1239 3731 1418 3823 theologus
1454 3729 1706 3802 Rostuolriensis
1720 3725 1783 3825 3⁰),

257 3835 317 3926 qui
345 3835 439 3905 uallo
464 3833 569 3905 modu
605 3833 826 3926 diligentibus
859 3834 1103 3908 defensoribus
1128 3832 1396 3905 Arndtianurum
1428 3833 1593 3904 librorum
1619 3831 1784 3904 adnume-

256 3938 324 4006 rari
344 3945 467 4030 potest,
494 3937 656 4026 qnoniam
677 3937 829 4030 singulas
853 3935 997 4032 phrases
1014 3937 1243 4032 explicatione
1260 3935 1415 4027 indigere
1432 3944 1567 4006 censet:
1597 3936 1785 4029 „optimum

257 4037 459 4120 „hrndtium
485 4037 530 4108 ab
552 4038 740 4121 0siandro,
765 4039 899 4130 judico,
928 4049 1111 4132 exceptum
1134 4039 1242 4110 luisse
1267 4038 1437 4132 pessime:
1472 4033 1650 4131 pacificum
1677 4037 1785 4110 schis-

258 4141 423 4222 „maticez
449 4161 610 4213 veracem
631 4140 912 4215 mendacissime:
936 4138 1100 4212 humilem
1123 4141 1284 4235 superbe,
1313 4150 1347 4210 et
1363 4149 1400 4212 ut
1415 4138 1523 4211 verbo
1540 4138 1665 4220 dicam,
1693 4141 1785 4235 pium
1850 4149 1852 4154 ’

256 4243 395 4336 „impie
446 4241 530 4326 Quis
556 4266 624 4314 non
651 4243 792 4316 miretur
817 4243 967 4316 insulsas
985 4253 1020 4314 et
1034 4243 1191 4315 elumbes
1210 4241 1370 4315 Osiandri
1388 4241 1679 4333 consequentias?
1707 4243 1784 4334 quis

257 4366 350 4427 „nun
381 4342 537 4433 ejusdem
572 4347 749 4418 commutis
775 4347 841 4418 alia
867 4346 1111 4440 peristragula,
1156 4365 1245 4439 qnae
1279 4344 1408 4436 ubique
1434 4342 1647 4438 prominent,
1687 4357 1724 4414 ut
1750 4345 1783 4414 in

340 4527 382 4612 26)
403 4534 629 4593 Wernsdurl.
652 4554 680 4609 p.
694 4540 748 4607 ²⁴3
772 4537 807 4594 cl.
831 4535 951 4593 Caroli
973 4534 1132 4592 memorab.
1156 4536 1316 4594 ecclesiast.
1340 4535 1433 4592 seculi
1452 4535 1532 4592 llllll.
1555 4534 1676 4605 Ttthing.
1693 4501 1782 4590 4657.

258 4620 284 4675 l.
306 4619 326 4675 Ι.
348 4621 462 4691 post.
485 4649 524 4662 -
602 4615 643 4700 ²⁷)
669 4621 824 4690 Orneus,
852 4621 952 4678 theatr.
975 4620 1081 4692 Europ.
1104 4621 1152 4688 Ill,
1182 4619 1275 4678 durch
1296 4621 1439 4677 llerian.
1468 4621 1541 4676 Frlrl.
1568 4621 1655 4675 1670.
1684 4620 1730 4675 lol.
1754 4637 1782 4691 p.

257 4705 351 4760 sobe.
375 4733 414 4746 -
479 4699 520 4782 Ἀ)
549 4705 725 4778 Spensr's
754 4709 839 4764 letata
860 4703 1026 4764 Bedeulreu.
1050 4703 1092 4761 ΙΙΙ.
1117 4721 1144 4777 p.
1169 4709 1237 4762 3⁰6.
1262 4737 1301 4750 -
1373 4700 1414 4783 ²⁹)
1446 4706 1584 4771 Caroli,
1612 4719 1732 4760 memor.
1762 4707 1782 4760 l.

255 4791 373 4860 ptttb3
397 4789 432 4846 cl.
454 4789 565 4848 Walch.
587 4793 617 4847 V.
640 4807 668 4864 p.
686 4795 774 4850 trra.
798 4821 836 4838 -
901 4785 944 4868 ³⁰)
967 4790 1185 4848 Allelmanui
1208 4793 1290 4866 epist.
1314 4791 1349 4851 ad
1375 4792 1533 4850 Veranium
1558 4790 1781 4848 tannetum.

258 4871 336 4947 apud
358 4874 512 4933 Scharll.
534 4878 646 4948 paca
785 4871 786 4876 ’
