4770 6086
1014 671 1063 744 at

273 880 398 952 vivum
435 876 534 950 reddi
570 876 716 960 debeat,
755 876 867 972 capite
898 875 998 948 tertio
1033 877 1227 970 exponitur.
1279 875 1412 948 Deinde
1439 873 1607 948 Osiander
1639 874 1683 948 ad
1712 875 1804 970 ipsas

273 982 408 1054 Arndtii
433 980 617 1075 opiniones
643 979 807 1050 fanaticas
833 978 964 1060 transit,
990 987 1093 1070 atque
1120 989 1391 1050 commonstrare
1417 987 1569 1058 conatur,
1598 987 1725 1048 tantum
1744 978 1804 1048 ab·

273 1107 364 1166 esse,
388 1083 482 1155 utin
509 1081 606 1152 libris
632 1080 676 1154 de
691 1105 726 1152 v.
740 1079 817 1152 Chr.
844 1080 890 1153 de
908 1080 972 1151 Dei
996 1080 1123 1174 scripto
1149 1091 1184 1151 et
1210 1081 1406 1176 praedicato
1429 1080 1538 1152 verbo
1565 1079 1803 1160 dissereretur,

275 1200 311 1258 ut
326 1188 479 1260 internae
497 1185 667 1278 opinatae,
695 1181 873 1266 fanaticae,
900 1181 1254 1265 Schwenkleldianae,
1275 1182 1508 1274 Weigelianae
1527 1181 1802 1263 illuminationes,

275 1291 439 1368 visiones,
467 1286 697 1358 revelationes
720 1284 838 1356 verbis
866 1285 1078 1357 efferrentur.
1132 1285 1221 1369 Quid
1246 1285 1291 1358 de
1318 1283 1413 1356 bisce
1439 1284 1635 1355 Arndtianis
1661 1283 1804 1356 internis

275 1387 555 1463 illustrationibus
597 1387 933 1481 revelationibusqne
973 1387 1018 1459 sit
1059 1385 1276 1470 babendum,
1317 1386 1428 1481 capite
1467 1387 1596 1478 quinto·
1619 1385 1802 1476 quaeritur.

274 1495 381 1564 Sexto
416 1491 527 1584 capite
553 1489 733 1561 Amdtium
768 1499 925 1571 accusat,
959 1489 1006 1561 de
1041 1498 1187 1562 externo
1219 1511 1362 1562 munere
1388 1488 1452 1560 Dei
1485 1488 1629 1560 verbum
1655 1487 1803 1560 docendi

274 1591 581 1691 maledicendique,
616 1592 662 1665 de
689 1593 929 1673 sacramentis,
965 1591 1011 1662 de
1037 1589 1164 1664 sobolis
1195 1595 1279 1664 salsa
1301 1591 1473 1664 docuisse.
1524 1591 1610 1661 Tum
1636 1589 1805 1662 Osiander

275 1697 384 1791 capite
412 1695 557 1788 septimo
584 1695 736 1786 singulas
761 1695 935 1766 doctrinas
957 1694 1142 1775 constitnit,
1169 1715 1255 1786 quas
1271 1693 1450 1766 Arndtinm
1474 1692 1683 1787 pervertisse
1709 1703 1743 1764 et
1770 1693 1803 1764 in

276 1819 416 1871 sensum
435 1797 648 1891 papisticnm
676 1796 1045 1878 Schwenkleldianam,
1071 1795 1319 1887 Weigelianum
1339 1805 1492 1867 mutasse
1502 1794 1594 1867 dicit
1648 1793 1804 1886 Denique

275 1909 375 1995 caput
406 1909 564 1970 octavum
590 1898 747 1971 diversas
773 1897 906 1970 Arndtii
938 1898 1118 1994 opiniones
1144 1897 1335 1971 baereticae
1365 1909 1400 1970 et
1425 1895 1686 1970 enthusiasticas
1711 1917 1804 1968 corn·

277 2001 442 2097 plectitur.
496 1999 653 2072 Exeunte
687 2002 775 2072 libro
808 2001 955 2093 scriptor
988 2019 1009 2070 a
1039 2002 1211 2074 nonnullis
1243 2000 1531 2080 dubitationibus,
1570 2019 1658 2090 quae
1685 2009 1803 2070 contra

277 2127 314 2177 se
340 2104 473 2176 moveri
499 2102 641 2196 possint,
669 2125 708 2175 se
733 2102 897 2174 defendit

376 2204 545 2298 imprimis
574 2217 675 2300 caput
701 2205 883 2299 septimam
913 2203 1061 2296 legendo
1089 2204 1180 2276 clare
1207 2203 1449 2300 perspicimus,
1478 2203 1681 2297 scriptorem
1708 2203 1804 2274 initio

276 2307 416 2400 quidem
443 2329 516 2377 rem
541 2327 610 2376 non
638 2307 796 2398 injustam
822 2305 913 2401 apud
938 2307 1088 2377 animum
1114 2308 1285 2389 statuisse,
1314 2317 1350 2378 ut
1376 2305 1528 2397 singulas
1549 2304 1683 2376 Arndtii
1709 2305 1802 2376 locu·

276 2411 387 2481 tiones
421 2408 677 2501 sententiasque
709 2407 937 2503 vituperando
972 2409 1160 2500 corrigeret
1202 2421 1235 2480 el
1271 2408 1475 2503 explicaret3
1520 2429 1600 2478 nam
1637 2404 1803 2478 Osiander

277 2531 412 2585 summo
437 2531 516 2582 cnm
542 2511 656 2582 studio
683 2511 909 2602 adjudicium
935 2533 1035 2583 suum
1062 2509 1274 2606 probandum
1297 2512 1485 2606 permultos
1500 2510 1596 2582 locos
1612 2507 1804 2582 exAmdtii

277 2614 373 2684 libris
392 2612 553 2693 laudavit,
581 2612 644 2685 sed
666 2613 769 2684 nimia
794 2612 1012 2707 vituperandi
1033 2613 1290 2706 castigandique
1316 2613 1459 2685 libidine
1484 2612 1647 2706 abreptus
1674 2611 1803 2684 bonurn

278 2737 376 2788 suum
392 2713 811 2810 consiliumcorrupitiil.
864 2714 1033 2787 Osiander
1057 2715 1175 2787 dicere
1201 2714 1315 2797 audet,
1341 2714 1522 2786 Amdtium
1548 2715 1583 2784 in
1610 2713 1706 2784 libris
1732 2715 1803 2786 suis

278 2816 516 2889 nihilomnino
535 2826 593 2888 aut
610 2827 772 2900 mutasse,
796 2825 854 2888 ant
872 2819 1069 2889 correxisse
1078 2814 1146 2911 34);
1170 2819 1376 2889 contrarium
1388 2817 1559 2888 invenitur
1574 2815 1804 2887 inbmdtiana

279 2919 487 3016 praelatione
514 2920 546 2988 in
570 2918 694 2990 librum
716 2921 884 3014 primum,
918 2939 1021 3013 qnam
1045 2919 1295 3015 posterioribus
1321 2918 1529 2992 editionibus
1558 2915 1714 3013 praefixit
1733 2916 1803 3012 ³⁵);

278 3021 371 3115 qvod
391 3019 560 3093 Osiander
585 3042 704 3115 parum
726 3022 881 3103 edrard,
907 3023 967 3115 qai
993 3023 1119 3094 librum
1146 3043 1244 3096 sunm
1272 3021 1407 3116 scripsit
1432 3019 1668 3112 duodeviginti
1695 3041 1805 3092 annos

278 3133 355 3219 post
380 3122 566 3195 editionem
593 3124 781 3218 principem
814 3124 913 3218 primi
938 3125 1014 3196 libri
1037 3125 1083 3197 de
1107 3148 1142 3196 v.
1169 3121 1267 3205 Chr„
1298 3145 1404 3217 qaum
1427 3123 1497 3213 jam
1520 3123 1706 3218 permultae
1732 3123 1804 3194 edi·

279 3225 389 3297 tiones
424 3226 459 3294 in
494 3224 604 3296 lucem
631 3225 837 3320 prodissent.
890 3227 996 3298 lrnmo
1020 3226 1227 3299 Osiandrum
1265 3246 1432 3297 summam
1463 3225 1678 3318 potissimum
1704 3225 1804 3295 incri-

279 3327 498 3397 minationem
524 3349 570 3397 ex
596 3328 774 3399 sententiis
802 3327 867 3398 illis
893 3328 971 3398 libri
989 3330 1179 3410 Arndtiani‚
1206 3330 1353 3421 quaein
1379 3327 1539 3399 omnibus
1556 3327 1804 3420 posterioribus

279 3427 485 3500 editionibus
511 3447 530 3498 a
555 3429 721 3523 scriptore
746 3430 895 3502 omissae
919 3441 1016 3502 erant
1029 3427 1098 3528 ³⁶),
1130 3429 1268 3502 haurire
1294 3430 1434 3501 minime
1460 3428 1653 3510 dubitasse,
1686 3439 1804 3522 postea

279 3529 483 3602 videbimus.

379 3631 547 3715 Quantam
573 3631 643 3704 vim
670 3632 829 3706 Osiandri
855 3634 942 3706 liber
967 3635 1002 3705 in
1027 3636 1115 3706 alios
1141 3634 1309 3716 babuerit,
1336 3655 1382 3704 ex
1407 3657 1532 3728 magno
1554 3655 1698 3706 numero
1725 3655 1806 3704 con·

279 3733 419 3807 cludere
445 3755 629 3828 possamus
655 3757 795 3817 eorum,
830 3737 889 3829 qui
914 3735 1039 3809 debinc
1065 3748 1100 3809 et
1125 3759 1187 3832 pro
1213 3735 1358 3808 Arndtio
1390 3748 1424 3808 et
1449 3747 1569 3810 contra
1595 3735 1670 3826 ejus
1697 3735 1806 3808 libros

281 3837 500 3932 scripserunt.
553 3835 722 3909 Osiander
747 3837 781 3910 id
798 3857 902 3931 agere
929 3839 1098 3910 inanimo
1124 3837 1252 3920 babuit,
1280 3847 1317 3908 ut
1339 3838 1446 3912 libros
1472 3841 1549 3913 illos
1570 3861 1616 3912 ex
1631 3837 1807 3908 hominurn

280 3939 439 4010 manibus
473 3957 614 4034 prorsus
640 3941 804 4035 eriperet,
844 3941 1069 4034 quamobrem
1101 3942 1236 4036 etipse
1267 3941 1392 4012 librum
1423 3942 1607 4036 concipere
1643 3939 1734 4036 apud
1767 3961 1806 4012 se

281 4041 417 4124 statuit,
452 4042 512 4134 qni
544 4039 703 4114 lldelibus
736 4063 854 4114 veram
887 4043 1047 4138 pietatem
1082 4053 1278 4135 rectamque
1320 4041 1509 4115 doctrinam
1537 4043 1807 4128 demonstraret;

281 4143 374 4236 quod
405 4143 544 4236 quidem
578 4145 761 4238 scripturn,
798 4145 853 4217 cui
885 4166 1013 4217 nomen
1045 4144 1161 4218 dedit:
1203 4145 1423 4238 „Einlitltiges
1449 4143 1726 4218 Christenthnm“
1744 4141 1806 4232 ³⁷),

281 4255 350 4315 tam
377 4245 571 4340 „simplex“
599 4245 736 4318 videtur
761 4246 886 4328 baisse,
919 4257 957 4319 ut
982 4269 1046 4319 nos
1080 4247 1146 4318 nisi
1174 4247 1304 4318 titulum
1332 4269 1402 4318 non
1427 4269 1686 4341 cognoscamus
1739 4247 1807 4320 Ad-

280 4369 404 4420 versus
439 4347 596 4419 Osiandri
633 4348 785 4420 libellum
821 4349 944 4422 eodem
980 4371 1071 4420 anno
1104 4347 1296 4443 eodemque
1331 4349 1404 4422 lere
1439 4361 1592 4448 tempore
1626 4351 1696 4422 duo
1729 4350 1805 4420 libri

364 4614 406 4699 33)
428 4623 471 4678 lla
496 4629 555 4680 tuta
576 4639 609 4680 ra
639 4624 730 4682 mains
751 4623 912 4698 disputatur
933 4623 1011 4699 apud
1040 4624 1091 4681 Fr.
1115 4623 1241 4681 Arndt:
1271 4625 1386 4682 lobann
1414 4624 1514 4684 Arndt.
1545 4644 1573 4700 p.
1591 4626 1740 4685 tot-tn.
1766 4653 1804 4666 -

281 4699 322 4784 ³⁴)
344 4705 544 4775 Osiander,
565 4708 731 4766 auosnksn.
755 4726 783 4782 p.
801 4712 870 4768 lot.
893 4739 933 4752 -
1004 4703 1046 4788 ⁸⁶]
1074 4711 1115 4766 lta
1137 4709 1292 4782 Ltlneburg
1317 4713 1406 4768 ttae.
1429 4716 1507 4784 p.9;
1537 4710 1806 4769 llrummacber.

282 4790 444 4936 puppib-
517 4788 560 4872 ³⁶)
587 4792 782 4864 Osiander,
813 4794 882 4852 llud.
904 4812 932 4868 p.
953 4797 1028 4866 ³³⁶3
1059 4795 1094 4852 cl.
1118 4793 1188 4868 §.t
1212 4795 1255 4853 lv.
1278 4795 1402 4854 notllt'.
1425 4825 1465 4839 -
1537 4789 1578 4872 ³⁷)
1609 4795 1742 4852 walch.
1776 4796 1806 4852 V.

282 4893 309 4949 p.
412 4917 420 4935 .
