4874 6060
1333 649 1381 722 20

599 850 721 921 virtute
749 853 870 925 orbum
896 854 1005 936 cadat,
1031 853 1178 947 primum
1204 861 1342 948 peccata
1367 875 1429 926 sua
1454 873 1641 946 agnoscere
1665 854 1788 935 dehet,
1815 849 1983 945 quoniam
2008 851 2119 924 malae

598 952 721 1023 mentis
746 952 904 1029 homines
931 955 1054 1028 Christi
1086 957 1195 1046 gratia
1228 955 1309 1026 nihil
1342 955 1490 1046 adjuvat.
1553 957 1740 1028 Maximum
1765 955 1935 1038 studium,
1971 955 2120 1026 maxima

598 1053 631 1124 ei
655 1052 829 1146 diligentia
857 1047 1051 1132 necessaria
1074 1069 1149 1140 est,
1192 1058 1252 1150 qui
1284 1055 1339 1129 his
1370 1057 1476 1131 rebus
1507 1059 1688 1131 mundanis
1722 1079 1887 1154 prospere
1916 1057 2119 1130 renunciare

598 1157 680 1226 vult.
744 1159 851 1232 Homo
877 1162 933 1232 cui
962 1161 1032 1251 jam
1058 1181 1262 1254 persuasum
1287 1169 1362 1240 est,
1400 1181 1439 1232 se
1473 1160 1507 1231 in
1537 1159 1603 1232 hoc
1637 1161 1786 1242 mundo,
1822 1181 1861 1232 se
1887 1157 2118 1255 voluptatibus

597 1259 778 1332 mundanis
805 1264 949 1334 salutem
972 1262 1037 1334 sibi
1060 1283 1259 1356 comparare
1280 1283 1350 1332 uon
1372 1283 1498 1358 posse,
1523 1263 1631 1357 prima
1655 1263 1748 1334 initia
1775 1283 1887 1334 novae
1907 1263 1998 1334 vitae
2025 1261 2117 1332 lecit.

597 1358 673 1442 Quo
699 1363 845 1436 validius
873 1362 1113 1436 tentationibus
1140 1363 1258 1436 mundi
1284 1384 1364 1435 sese
1388 1375 1556 1458 opponat,
1592 1365 1667 1460 ipse
1691 1363 1845 1456 quotidie
1870 1364 1984 1436 denuo
2010 1363 2116 1460 nasci,

597 1459 749 1536 Christus
774 1465 928 1558 quotidie
956 1468 991 1536 in
1013 1487 1055 1537 co
1075 1466 1177 1538 vivus
1203 1464 1276 1538 lieri
1302 1464 1417 1537 debet
1456 1467 1548 1538 llaec
1573 1463 1724 1539 continet
1751 1467 1880 1560 primus
1905 1465 1993 1536 liber
2002 1461 2063 1550 ²⁶).

697 1567 798 1638 Liber
823 1567 996 1640 secundus
1022 1589 1087 1638 nos
1117 1567 1256 1662 propius
1283 1566 1328 1637 ad
1353 1569 1457 1639 vitam
1482 1590 1565 1640 vere
1589 1567 1808 1640 christianam
1833 1567 1981 1639 adducit
2032 1567 2117 1638 Tali·

598 1667 661 1738 bus
684 1668 749 1761 piis
771 1669 1119 1750 considerationibus,
1147 1689 1236 1762 quae
1259 1669 1392 1741 animos
1415 1670 1537 1741 librum
1562 1671 1707 1765 primum
1726 1670 1914 1762 legentium
1937 1678 2116 1764 occupant,

596 1768 639 1839 ad
668 1768 836 1842 Christum
863 1770 1096 1866 perducimur,
1130 1769 1166 1840 in
1191 1791 1261 1864 quo
1287 1773 1361 1844 solo
1387 1773 1528 1864 gratiam
1554 1793 1595 1845 ac
1622 1773 1764 1846 salutem
1789 1771 1968 1864 acquirere
1993 1792 2118 1865 possu-

596 1893 682 1944 mus.
741 1873 775 1942 Si
802 1896 940 1946 crucem
967 1872 1089 1943 Christi
1115 1872 1150 1942 in
1178 1873 1430 1968 nosmetipsos
1456 1876 1688 1969 suscepimus,
1726 1872 1985 1947 considerandis
2012 1872 2117 1944 rebus

596 1973 722 2045 divinis
745 1977 879 2048 animus
905 1983 1022 2048 noster
1047 1973 1258 2060 delectatur;
1296 1976 1461 2048 sentimus
1488 1979 1614 2049 nostris
1641 1979 1793 2072 ipsorum
1818 1974 1950 2047 viribus
1976 1996 2041 2047 nos
2063 1998 2116 2066 Ju-

596 2076 670 2146 vari
694 2098 764 2148 non
790 2099 915 2172 posse;
943 2077 1014 2148 Dei¹
1027 2077 1134 2167 gratia
1160 2077 1193 2148 in
1217 2077 1317 2148 nobis
1343 2079 1498 2172 operaria
1521 2080 1746 2174 perspicitur,
1766 2076 1975 2170 simulatque
1997 2098 2117 2148 veram

595 2175 699 2248 fidem
724 2178 824 2250 nohis
850 2199 1126 2274 comparamus..
1752 2233 1755 2240 .

695 2278 750 2350 Ad
777 2282 970 2375 proximum
996 2279 1140 2372 gradum
1166 2280 1253 2351 liber
1278 2282 1398 2354 tertius
1425 2305 1489 2354 nus
1511 2281 1668 2368 adducit3
1704 2283 1924 2378 pervenimus
1950 2281 2048 2374 quasi
2074 2279 2118 2351 ad

525 2431 527 2436 ,
596 2378 719 2464 lineam
760 2382 804 2454 ad
835 2404 998 2455 coronam
1025 2384 1114 2455 vitae
1142 2380 1370 2469 Christianae;
1410 2385 1649 2477 cognoscimus
1683 2407 1828 2476 regnum
1852 2383 1917 2454 Dei
1951 2383 1985 2454 in
2017 2382 2118 2454 nobis

596 2484 679 2577 ipsis
703 2505 782 2557 esse
806 2486 1060 2578 quaerendum3
1094 2496 1164 2556 tum
1187 2485 1281 2556 Deus
1304 2487 1455 2557 animum
1482 2496 1636 2558 nostrum
1661 2487 1782 2568 intrat,
1809 2485 1974 2559 sentimus
1996 2505 2117 2585 appro-

596 2585 837 2678 pinquantem,
884 2599 985 2681 atquc
1013 2589 1058 2658 ita
1083 2588 1183 2658 novis
1209 2587 1340 2659 viribus
1365 2587 1531 2661 afficimur
1554 2588 1598 2660 ad
1625 2589 1728 2660 viam
1754 2587 1922 2681 agendam
1950 2587 2023 2659 Deo
2049 2587 2118 2682 pla·

596 2698 729 2760 centem
756 2687 1019 2782 hominibusque
1046 2690 1223 2760 utilitatem
1254 2690 1487 2785 praebentem.
1539 2690 1605 2774 Qui
1639 2701 1877 2783 argumentum
1909 2688 2011 2781 hujus
2041 2689 2118 2760 libri

596 2790 685 2860 tertii
712 2803 864 2886 reputat,
899 2791 993 2863 videt
1021 2791 1153 2862 Arndtii
1180 2790 1385 2884 theologiam
1410 2793 1517 2866 fuisse
1542 2794 1740 2889 mysticam,
1778 2813 1881 2886 quam
1906 2803 2019 2864 tamen
2044 2812 2118 2885 my·

596 2892 715 2964 sticam
739 2894 774 2963 in
801 2915 1009 2986 unoquoque
1035 2891 1175 2966 homine
1199 2895 1314 2966 inesse
1340 2896 1527 2990 cupiamus.

696 2994 822 3078 Quarto
848 2997 996 3088 denique
1022 2996 1109 3068 libro
1131 2994 1295 3068 Arndtius
1322 2999 1465 3091 exponit
1488 2997 1558 3088 jam
1584 3007 1738 3068 naturam
1763 2996 1807 3068 ad
1833 2995 1921 3068 hanc
1946 2995 2118 3088 cogitandi

596 3097 761 3168 rationem
788 3121 852 3171 nos
878 3098 1026 3184 ducere;
1067 3108 1273 3193 quapropter
1298 3099 1480 3193 inscriptas
1506 3110 1572 3172 est.
1586 3099 1697 3180 „liber
1719 3108 1896 3170 naturae.“
1955 3097 2117 3171 Conside-

595 3199 748 3271 rantibus
779 3212 933 3272 naturam
965 3223 1035 3272 non
1070 3201 1180 3271 solum
1214 3201 1307 3272 Deus
1335 3201 1435 3272 nobis
1467 3210 1693 3282 monstratur,
1733 3201 1982 3274 verumetiam
2008 3201 2118 3271 Deum

594 3321 712 3372 amore
734 3304 914 3398 complecti
936 3303 1109 3394 cogimur;
1146 3303 1306 3397 plurimas
1331 3303 1364 3374 ei
1390 3303 1515 3394 gratias
1540 3324 1643 3394 agere
1670 3326 1731 3398 pro
1757 3303 1916 3376 maximis
1940 3303 2016 3395 ejus
2042 3323 2117 3394 gra·

595 3403 662 3474 tiae
687 3405 906 3498 caritatisque
931 3425 1012 3496 erga
1039 3403 1195 3478 homines
1219 3404 1444 3478 documentis.
1503 3405 1674 3490 „Quartus
1702 3429 1763 3502 per
1788 3425 2057 3478 macrocosmum
2084 3415 2118 3476 et

596 3515 735 3577 naturae
768 3508 891 3578 librum
916 3508 1025 3578 Deum
1051 3517 1225 3580 auctorem
1257 3518 1292 3578 ct
1315 3508 1527 3580 conditorem
1559 3517 1699 3580 naturae
1732 3508 1929 3604 pectoribus
1960 3507 2118 3580 humanis

596 3607 712 3679 intime
736 3606 978 3702 insinuat“²⁷).
1032 3608 1128 3680 Hunc
1155 3609 1266 3704 ipsum
1288 3621 1444 3701 quartum
1471 3610 1594 3681 librum
1617 3611 1768 3682 nondum
1794 3611 1876 3683 satis
1901 3619 2118 3702 perspectum

596 3721 630 3780 et
652 3711 824 3801 cognitum
846 3732 926 3782 esse
951 3710 1039 3783 adeo
1062 3733 1131 3782 non
1156 3733 1341 3804 negamus,
1367 3721 1404 3782 ut
1427 3711 1603 3794 dicamus,
1630 3713 1732 3783 etiam
1755 3711 1883 3784 nostris
1906 3710 2117 3805 temporibus

596 3811 726 3882 Arndtii
754 3813 940 3885 sententias
966 3823 1001 3884 et
1027 3813 1272 3904 cogitationes,
1312 3834 1398 3904 quas
1431 3814 1466 3882 in
1498 3824 1619 3907 quarto
1653 3815 1739 3886 libro
1776 3813 1939 3905 legimus,
1977 3813 2117 3885 omnino

596 3923 730 4008 apertas
757 3915 977 4007 reclusaeque
1003 3937 1071 3987 non
1096 3936 1196 4000 esse3
1240 3914 1332 4008 quod
1358 3915 1415 3985 vel
1444 3915 1617 4009 Spenerus
1644 3915 1689 3988 de
1719 3937 1758 3988 se
1791 3923 1908 4010 aperte
1939 3915 2117 4010 professus

597 4025 650 4088 est
669 4011 728 4110 2⁸).
780 4016 945 4100 Quamvis
979 4027 1097 4111 postea
1133 4017 1325 4089 accuratius
1356 4016 1401 4088 de
1436 4015 1499 4088 hac
1531 4039 1570 4089 re
1595 4016 1795 4113 disputaturi
1833 4015 1959 4098 simus,
2003 4027 2116 4089 tamen

593 4120 663 4210 jam
688 4116 743 4188 hic
769 4118 972 4190 sententiam
998 4128 1150 4190 nostram
1176 4117 1403 4214 profiteamur.
1464 4119 1536 4190 Jam
1562 4120 1661 4192 tertio
1688 4121 1775 4192 libro
1796 4117 1961 4191 Arndtius
1985 4117 2116 4191 descri-

597 4229 732 4317 pserat,
760 4221 861 4314 quale
885 4231 979 4294 esset
1005 4243 1147 4313 regnum
1169 4221 1251 4308 llei3
1287 4231 1409 4314 quarto
1435 4243 1520 4294 vero
1547 4221 1634 4293 libro
1659 4243 1702 4293 eo
1728 4220 1965 4316 progreditur,
1994 4231 2030 4292 ut
2056 4240 2117 4292 ex·

596 4333 717 4418 ponat,
753 4322 928 4415 quomodo
953 4322 1010 4394 hic
1035 4323 1182 4395 mundus
1205 4322 1279 4396 lieri
1305 4323 1415 4419 possit
1440 4345 1583 4416 regnum
1609 4323 1673 4394 Dei
1698 4335 1734 4394 et
1759 4323 1893 4404 ornari,
1932 4333 1970 4394 ut
1994 4322 2039 4394 sit
2063 4341 2117 4393 re·

596 4448 698 4518 gnum
725 4421 857 4496 Christi.
908 4424 1056 4518 blundus
1082 4426 1188 4518 gratia
1215 4425 1277 4497 Dei
1303 4437 1337 4497 et
1359 4423 1481 4498 Christi
1507 4426 1765 4497 transformatur
1791 4426 1825 4497 in
1852 4433 2028 4497 aeternum
2055 4423 2117 4507 Dei

597 4549 758 4621 regnum,
793 4527 827 4596 in
854 4547 997 4618 regnum
1022 4528 1160 4620 gratiae.

681 4764 721 4846 πθ)
754 4769 788 4826 cl.
813 4766 937 4826 Arndt
961 4768 997 4825 ad
1020 4769 1200 4828 Gerhardum
1223 4771 1299 4844 apud
1323 4768 1478 4829 llambach.
1502 4771 1545 4829 lll.
1575 4787 1602 4844 p.
1624 4771 1753 4840 lolam
1792 4771 1893 4829 amida
1917 4767 1996 4827 dedit
2018 4776 2118 4826 auctor

596 4852 632 4910 ad
655 4857 779 4912 amicum
802 4852 1258 4928 quendamibid.p.6t3b.'·-
1312 4849 1353 4934 ²⁷)
1376 4855 1613 4928 ibid.pl02'ta.
1637 4885 1675 4898 -
1729 4850 1770 4934 ἥ)
1793 4858 1837 4913 Fr.
1860 4854 1984 4914 Arndt.
2007 4855 2115 4928 piel.
