4770 6086
1017 686 1065 762 911

280 891 489 965 hortationes
521 911 567 962 ex
600 890 654 964 eis
686 891 858 987 percipiat.
909 889 1017 962 lltium
1053 892 1144 987 apud
1171 914 1235 964 nos
1263 891 1342 963 libri
1364 891 1481 982 vigent
1515 912 1556 963 ac
1582 890 1704 964 florent
1728 905 1805 964 eta

280 995 393 1068 multis
409 994 576 1086 leguntur,
603 994 661 1086 331
687 994 746 1064 vix
772 991 924 1075 credant,
952 992 1048 1064 libris
1074 992 1128 1066 his
1154 1015 1409 1086 nonnumquam
1435 1015 1568 1066 summo
1595 1016 1672 1066 cunr
1691 994 1804 1066 studio

280 1118 417 1170 omnem
440 1095 594 1186 vigorem
620 1094 665 1166 ad
690 1095 783 1190 pium
809 1117 950 1168 sensum
970 1096 1165 1168 colendum
1189 1095 1420 1186 abjudicatum
1442 1118 1531 1168 esse.
1568 1095 1606 1166 ln
1623 1097 1694 1190 ipsa
1713 1118 1805 1168 cras·

280 1199 409 1273 nissimi
424 1197 657 1280 rationallsmi,
685 1217 788 1289 quem
806 1207 942 1278 vocant,
968 1207 1079 1269 aetate
1105 1198 1182 1269 libri
1208 1199 1298 1293 apud
1324 1196 1481 1269 homines
1506 1221 1590 1270 vere
1616 1199 1692 1293 pios
1710 1199 1806 1270 inve-

281 1301 811 1392 niabantn13qnamquamnon
840 1299 941 1372 novis
965 1299 1033 1370 illis
1059 1321 1100 1372 33
1126 1299 1275 1395 pulchris
1299 1299 1518 1381 editionibus,
1546 1321 1634 1394 quaa
1661 1300 1695 1370 in
1723 1311 1806 1372 tem·

282 1402 422 1499 poribus
456 1402 615 1472 exeuntis
641 1401 769 1474 saeculi
785 1401 908 1472 ·XVlll.
945 1423 1022 1472 raro
1049 1402 1149 1474 nobis
1176 1413 1376 1482 occurrunt,
1411 1411 1523 1473 tamen
1551 1402 1806 1503 exemplaribus

281 1503 456 1578 veteribus
479 1500 637 1574 homines
662 1503 715 1574 usi
741 1505 830 1584 sunt,
855 1502 988 1598 pallidis
1016 1503 1081 1574 illis
1108 1525 1148 1574 ac
1162 1502 1320 1579 detersis.
1374 1505 1432 1576 tlts
1456 1505 1678 1598 temporibus,
1706 1505 1807 1576 annis
1926 1535 1930 1544 ·

284 1607 380 1678 1777
413 1605 588 1686 et178ll,
625 1604 877 1677 Feddersenius
904 1603 1036 1676 Arndtii
1064 1604 1171 1677 libros
1201 1606 1245 1680 de
1268 1631 1303 1678 3.
1330 1606 1408 1678 Chr.
1444 1606 1478 1677 in
1510 1617 1581 1678 tras
1613 1606 1719 1680 libros
1752 1627 1805 1678 re*-

282 1730 402 1781 cussos
429 1706 544 1778 edidit

381 1810 606 1901 Posteaquam
622 1809 857 1902 exposuimus,
884 1810 985 1901 quale
1008 1811 1108 1882 fuerit
1129 1817 1337 1882 momentum
1354 1809 1618 1881 Arndtianornm
1643 1810 1806 1882 librorum

282 1912 327 1984 ad
353 1913 501 1984 lectores
525 1919 559 1982 et
585 1907 815 1992 Lutheranae,
852 1922 886 1982 31
912 1912 1150 1995 Calvinianae,
1184 1923 1218 1983 et
1244 1911 1430 1982 catholicae
1457 1913 1706 1994 confessionis,
1736 1913 1808 2001 jam

283 2015 435 2089 breviter
458 2011 690 2084 adumbraturi
714 2033 848 2095 sumus,
872 2013 953 2107 quid
973 2013 1184 2086 auctoritatis
1207 2015 1285 2085 libri
1303 2012 1346 2084 ad
1366 2013 1569 2105 theologiam
1581 2013 1808 2087 Lutheranam
1848 2083 1852 2090 .

283 2117 372 2190 nacti
391 2117 476 2200 sint3
504 2115 549 2184 itu
577 2124 614 2185 ut
637 2113 926 2198 demonstremus,
951 2137 1055 2209 quem
1079 2115 1326 2188 locumtlrndtii
1354 2115 1459 2187 libelli
1485 2127 1624 2188 teneant
1651 2117 1687 2187 in
1711 2117 1808 2188 evol·

284 2217 396 2294 venda
421 2214 634 2287 lutheranae
660 2217 826 2290 ecclesiae
853 2217 1035 2310 theologia.

383 2320 465 2399 lam,
494 2318 689 2413 priusquam
706 2318 873 2393 Lutherus
899 2331 1017 2416 aperte
1042 2321 1273 2412 audacterque
1294 2320 1528 2392 deformitates
1541 2315 1675 2390 'sinceri
1702 2341 1807 2392 evan·

284 2425 363 2519 gelli
387 2423 430 2492 in'
447 2419 592 2492 ecclesia
617 2419 783 2493 catholica
809 2423 949 2494 adortus
975 2434 1049 2504 est,
1076 2423 1173 2496 multi
1198 2423 1263 2492 viri
1286 2423 1417 2493 ruinam
1442 2421 1608 2494 ecclesiae
1635 2444 1807 2514 cognove-

286 2536 364 2599 runt
397 2533 432 2596 et
456 2521 668 2613 gravissimis
690 2524 808 2594 verbis
834 2524 959 2596 malum
986 2526 1106 2598 aetatis
1132 2527 1216 2596 3333
1243 2525 1504 2615 castigaverunt.
1556 2523 1609 2592 Ex
1635 2524 1709 2618 ipso
1734 2546 1809 2618 my·

288 2630 373 2702 atico
398 2623 638 2705 fundamento,
678 2625 713 2694 in
741 2647 811 2717 quo
837 2625 1002 2698 Lutherus
1032 2623 1291 2720 3133333111),
1334 2627 1403 2716 jam
1442 2635 1541 2696 antea
1574 2625 1640 2694 viri
1673 2625 1808 2720 prodie-

288 2739 376 2811 runt,
401 2727 471 2821 qui,
498 2745 602 2797 verae
622 2735 657 2796 31
676 2726 814 2797 intimae
831 2728 947 2824 pietati
962 2727 1081 2810 dediti,
1109 2729 1288 2801 ecclesiam
1315 2728 1535 2822 depravatum
1561 2726 1724 2816 adjuvare
1750 2750 1808 2800 cu·

286 2833 354 2903 nati
387 2839 475 2902 sunt.
526 2827 610 2899 Dico
630 2827 883 2912 bernhardum,
921 2827 1197 2919 Tautemmtfa),
1233 2830 1433 2925 scriptorem
1467 2828 1658 2921 theologiae
1684 2829 1806 2902 Tento-

286 2928 482 3026 31333111),
524 2926 686 3000 Thomam
722 2930 925 3028 aKempis‚
963 2931 1060 3004 alios.
1122 2935 1157 3004 ln
1189 2932 1242 3004 his
1272 2933 1355 3004 viris
1391 2933 1495 3013 inest,
1532 2941 1567 3002 31
1605 2933 1649 3002 113
1683 2931 1807 3012 dicam,

285 3037 491 3108 elementum
525 3032 697 3124 quoddam
723 3035 973 3106 reformationis
985 3029 1048 3123 11).
1110 3036 1276 3130 lmprimis
1301 3033 1480 3106 Taulernm
1512 3055 1576 3105 nos
1608 3055 1808 3128 comparare

284 3159 387 3233 posse
422 3157 499 3206 curu
525 3134 667 3206 Arndtio
694 3147 872 3230 putamus,
910 3138 1070 3229 qnoniam
1109 3138 1261 3230 utrique,
1292 3157 1312 3205 a
1339 3136 1415 3207 luce
1447 3136 1603 3230 publicae
1636 3136 1808 3208 3113333-

285 3249 394 3318 moto,
427 3235 570 3308 33331333
593 3247 689 3308 eant
712 3239 900 3310 sententiae
927 3238 1089 3332 idemque
1114 3240 1304 3312 consilium.
1357 3238 1505 3330 Uterque
1530 3235 1598 3308 lide
1624 3236 1808 3310 christiane

286 3350 418 3412 3333133
443 3336 619 3408 hominum
651 3341 1033 3432 33331133331331311,
1074 3364 1187 3433 neque
1221 3342 1333 3413 minus
1368 3350 1513 3432 uterque
1548 3360 1663 3411 mores
1697 3339 1810 3412 disso-

287 3443 376 3514 lutos
415 3440 536 3511 aetatis
571 3452 673 3534 atque
704 3440 910 3535 depravatos
943 3443 1052 3515 voluit
1083 3442 1280 3516 emendare.
1341 3440 1504 3512 Taulerus
1531 3441 1651 3512 eadem
1678 3443 1809 3514 rationo

285 3543 560 3616 reformationem
598 3543 793 3638 praecedit,
831 3566 899 3638 qua
935 3545 1098 3619 hrndtins
1135 3546 1299 3639 sequitur.
1350 3542 1518 3615 Lutherus
1554 3543 1682 3637 primus
1714 3541 1808 3616 fictas

285 3647 458 3719 doctrinas
482 3646 650 3718 ecelesiae
673 3665 834 3720 romanae
858 3658 1059 3742 aspernatus
1082 3669 1202 3742 magna
1228 3669 1315 3719 3333
1334 3646 1467 3728 extulit,
1492 3644 1665 3716 hominem
1688 3643 1808 3734 justifi-

286 3750 356 3822 cari
381 3749 453 3822 sola
479 3744 549 3818 lide
581 3747 756 3820 inlesum
783 3749 962 3822 Christum.
1014 3751 1050 3820 lu
1083 3749 1148 3823 huc
1173 3750 1345 3831 doctrina,
1383 3770 1460 3822 cum
1486 3768 1552 3840 qua
1576 3749 1662 3818 aliae
1687 3744 1732 3818 de
1756 3770 1808 3818 re·

286 3851 502 3946 demptione,
534 3849 579 3921 de
605 3861 775 3944 peccato,
797 3851 987 3924 arctissime
1013 3851 1216 3933 cohaerent,
1253 3852 1407 3923 consistit
1434 3871 1603 3922 summum
1626 3849 1809 3922 universae

288 3954 537 4025 reformationis
564 3963 665 4046 caput
692 3975 887 4046 nervosque
913 3955 1024 4026 omnis
1051 3955 1226 4026 doctrinae
1241 3952 1462 4025 Lutheranae.
1516 3950 1811 4033 Quemadmodum

287 4054 452 4128 Lutherus
478 4076 564 4148 puro
581 4075 622 4125 ac
640 4055 774 4126 sincero
795 4057 974 4148 evangelio
996 4056 1119 4128 ductus
1143 4055 1187 4128 ad
1206 4054 1292 4126 hanc
1309 4054 1496 4128 doctrinam
1515 4053 1681 4147 pervenit,
1708 4054 1811 4124 etiam

286 4169 389 4250 atque
422 4155 522 4228 etiam
553 4155 597 4228 ad
627 4180 732 4229 unum
766 4177 806 4229 33
832 4159 942 4230 solum
965 4159 1109 4230 verbum
1137 4158 1289 4229 divinum
1312 4155 1512 4250 provocavit
1547 4155 1581 4225 in
1619 4167 1811 4249 33333331
1854 4191 1859 4208 ·

289 4260 395 4334 nisus.
447 4257 555 4328 Biblia
582 4270 781 4333 333333331
806 4259 1002 4335 331331333
1028 4268 1166 4332 nostrae
1191 4258 1282 4332 fidei.

387 4359 459 4432 lam
484 4371 585 4432 antea
619 4361 800 4434 attulimus.
815 4363 1076 4456 accuratiusque
1102 4361 1370 4458 descripsimus,
1411 4357 1599 4454 simplicem
1635 4359 1808 4432 doctrinae

374 4631 414 4714 11)
437 4639 472 4695 31.
496 4637 521 4711 ς.
539 4640 565 4694 1.
588 4619 676 4712 311
701 4668 739 4680 -
794 4633 851 4718 113)
874 4639 1105 4714 budelbach,
1128 4641 1234 4697 christl.
1257 4638 1435 4710 biographle.
1457 4635 1567 4692 Tauler.
1589 4637 1676 4690 tata.
1699 4653 1726 4707 p.
1741 4638 1808 4692 237.

290 4752 328 4765 -
372 4716 432 4801 1111))
456 4722 631 4780 Ullmann.
655 4724 684 4779 in
706 4723 756 4780 Th.
780 4725 859 4782 Stud.
882 4743 908 4782 u.
933 4725 1001 4782 ttrtt.
1028 4728 1115 4784 1851.
1139 4725 1170 4780 ll.
1184 4726 1209 4780 1.
1232 4741 1260 4796 p.
1273 4726 1331 4780 859
1351 4738 1414 4794 sqq.
1438 4749 1476 4762 -
1521 4713 1560 4794 17)
1582 4719 1809 4777 Rudelbach.

288 4811 319 4864 in
342 4808 489 4866 ltudalb.
510 4823 539 4863 3.
563 4809 664 4866 Guer.
688 4809 854 4866 zeitschrift.
880 4810 1090 4868 33131133.
1113 4827 1139 4882 p.
1161 4812 1237 4876 399;
1273 4809 1307 4866 31.
1332 4807 1368 4865 de
1389 4813 1446 4865 tcta
1470 4820 1501 4859 re
1524 4804 1707 4877 llllmann,
1740 4807 1809 4863 ltell.

289 4910 315 4948 3.
341 4893 368 4950 tl.
391 4894 450 4952 ltef.
472 4895 504 4960 ll,
527 4896 645 4964 31ης
666 4895 807 4966 imprimis
827 4911 855 4968 p.
869 4897 937 4952 278.
