4770 6086
1340 647 1386 720 60

664 968 688 1042 ἕ.
713 973 738 1025 t.
784 971 857 1042 Quid
880 970 918 1028 dc
940 967 1189 1028 criminationibus
1209 970 1239 1026 in
1260 969 1412 1032 llmdtium
1432 975 1550 1048 prolatis
1571 976 1607 1031 sit
1627 973 1803 1040 habendum,
1827 973 2049 1032 demonstratur.

700 1152 754 1225 Ad
782 1177 952 1227 summurn
977 1155 1187 1246 quaestionis
1213 1154 1258 1226 de
1284 1157 1520 1230 reArndtiana
1536 1159 1645 1253 'caput
1661 1160 1893 1254 pervenimus,
1920 1179 2025 1251 quum
2042 1157 2122 1231 con'-

601 1256 844 1340 siderabimus,
886 1279 955 1330 non
998 1258 1108 1329 solum
1148 1260 1266 1349 quales
1303 1261 1556 1332 criminationes
1590 1280 1631 1332 ac
1670 1261 1901 1332 dubitationes
1947 1261 1981 1330 in
2014 1261 2121 1334 libros

598 1358 805 1431 Amdtianos
828 1361 978 1456 prolatae
1004 1360 1140 1439 fuerint,
1168 1383 1288 1432 venam
1310 1364 1412 1434 etiam
1436 1363 1587 1455 quidde
1614 1364 1665 1435 eis
1691 1365 1734 1434 sit
1756 1361 1989 1454 judicandum.
2026 1365 2120 1434 Post·

599 1482 701 1553 quam
725 1484 834 1555 usque
868 1461 934 1535 huc
958 1473 1139 1556 utramque
1174 1477 1304 1557 partem
1340 1466 1485 1558 ejusque
1521 1487 1605 1560 opes
1636 1465 1884 1557 cognovimus,
1917 1463 1986 1554 jam
2020 1465 2120 1536 nobis

599 1564 662 1634 erit
688 1564 925 1658 reputandum,
952 1566 1084 1657 deque
1110 1585 1148 1633 re
1174 1575 1242 1637 tam
1268 1563 1491 1638 vehementer
1517 1567 1712 1660 acerbeque
1739 1576 1923 1662 pugnatum
1950 1567 2003 1637 sit

698 1665 753 1737 Ad
785 1687 888 1761 quam
922 1666 1060 1759 quidem
1097 1669 1332 1756 quaestionem
1358 1669 1566 1742 tractandam
1598 1670 1700 1740 etiam
1733 1669 1808 1740 aliis
1839 1667 1936 1740 libris
1970 1668 2121 1741 fontibus

599 1777 743 1849 utemur,
770 1791 875 1861 quum
901 1766 1059 1842 Osiandri
1083 1766 1181 1850 liber,
1207 1771 1364 1862 quamvis
1386 1791 1518 1867 paene,
1543 1781 1655 1842 amen
1682 1793 1751 1843 non
1777 1791 1898 1841 omnes
1921 1770 1997 1842 illas
2023 1771 2121 1842 dubi·

597 1870 743 1942 tationes
769 1872 1021 1966 complectatur.
1073 1868 1147 1940 Non
1175 1869 1361 1945 infinibus
1391 1873 1542 1969 priorum
1567 1873 1822 1945 controversiae
1850 1883 2041 1967 temporum
2068 1895 2121 1944 re·

599 1973 828 2054 manebimus,
858 1973 920 2045 sed
945 1991 1171 2066 quaecunque
1196 1973 1241 2046 de
1267 1995 1305 2045 re
1330 1975 1503 2070 proposita
1530 1985 1608 2047 sunt
1635 1974 1803 2070 disputata
1835 1975 1993 2068 amplecti
2018 1995 2121 2048 cona·

597 2073 720 2155 bimur,
747 2074 862 2167 quoad
887 2073 1111 2167 cognovimus
1138 2084 1172 2146 et
1197 2076 1312 2168 quoad
1337 2078 1537 2172 poterimus.

697 2176 750 2247 Ex
777 2175 910 2248 duabus
934 2175 1087 2271 epistolis
1109 2175 1241 2248 Amdtii
1269 2179 1313 2252 ad
1340 2179 1463 2252 ducem
1490 2178 1776 2251 Brunsvicensem
1807 2177 1949 2266 datis1)
1976 2198 2120 2268 cognos-

597 2280 706 2352 cimus
732 2279 996 2359 criminationes,
1024 2298 1109 2370 quas
1125 2279 1287 2351 Danielus
1304 2282 1484 2354 Cramerus
1512 2283 1544 2352 in
1567 2281 1687 2352 litteris
1713 2280 1905 2352 addacem
1932 2279 2119 2373 conceptis,

597 2380 697 2453 nobis
723 2402 794 2452 non
818 2381 1048 2460 conservatis,
1075 2380 1111 2450 in
1136 2381 1316 2453 Amdtium
1343 2385 1547 2477 protulerat,
1582 2403 1729 2475 easque,
1763 2403 1849 2475 quas
1871 2380 2040 2455 Osiander
2061 2379 2120 2452 ad·

597 2482 752 2554 versario
778 2503 847 2554 non
871 2482 1114 2576 exprobrarat3
1156 2483 1250 2555 utilia
1282 2497 1360 2557 sunl
1382 2485 1510 2576 judicia
1533 2483 1692 2556 ordinum
1719 2483 1956 2576 theologorum
1979 2483 2120 2553 Witten·

596 2584 815 2678 bergensium
835 2585 1227 2677 etliegiomontanorum
1245 2581 1297 2684 2);
1324 2589 1426 2659 etiam
1453 2609 1499 2658 ax
1523 2588 1639 2659 libello
1655 2586 1800 2658 Mauritii
1818 2585 1979 2668 Rachelii,
2004 2582 2120 2657 schola

595 2686 800 2769 Arndtiana,
835 2684 989 2758 hausturi
1013 2709 1132 2762 sumus
1156 2689 1427 2771 criminationes,
1461 2709 1547 2783 quas
1572 2689 1663 2782 apud
1688 2689 1774 2760 alios
1809 2711 1877 2760 non
1904 2688 2120 2772 invenimus3

595 2789 745 2882 denique
770 2789 1012 2870 dubitationes,
1039 2811 1125 2882 quas
1141 2789 1395 2864 Wernsdorlius
1420 2793 1536 2873 movit,
1560 2790 1832 2886 perpendemus;
1859 2811 1926 2884 qua
1954 2812 1991 2860 re
2017 2789 2119 2860 etiam

595 2891 639 2963 de
665 2889 819 2962 Scharllli
846 2891 1014 2964 sententia
1035 2892 1215 2982 judicatur.
2098 2931 2100 2938 >

695 2993 863 3064 Osiander
887 2993 1038 3086 singulas
1054 2995 1310 3067 criminationes
1323 3017 1392 3066 non
1412 2997 1457 3066 ita
1477 2997 1663 3091 proposuit,
1690 3007 1729 3065 ut
1744 2995 1830 3068 ordo
1846 2994 1986 3087 quidam
2003 3011 2119 3064 serva·

594 3104 704 3181 retur;
723 3097 906 3167 nonnullae
920 3097 1012 3168 enim
1029 3120 1098 3169 non
1113 3120 1218 3168 unum
1235 3097 1346 3168 locum
1361 3109 1489 3179 tenent,
1509 3098 1573 3170 sed
1588 3119 1608 3168 a
1624 3098 1789 3193 scriptore
1809 3097 1884 3167 aliis
1904 3097 1988 3168 locis
2002 3095 2119 3167 denuc

597 3198 746 3292 prolatae
774 3209 862 3269 sunt.
915 3198 1010 3272 ldem
1036 3200 1070 3270 in
1095 3199 1189 3271 libris
1213 3198 1408 3270 Arndtianis
1432 3200 1639 3272 monendum
1669 3222 1748 3272 esse
1775 3209 1950 3295 putamus,
1984 3219 2051 3279 „oe
2077 3216 2119 3267 ea

596 3299 767 3380 „diversis
792 3301 877 3372 locis
900 3301 1076 3393 legantur,
1111 3303 1165 3374 vel
1192 3301 1282 3374 idem
1305 3312 1561 3393 argumentum,
1596 3302 1625 3374 si
1649 3301 1816 3394 integrum
1842 3297 2119 3391 cognoscendum

595 3401 684 3483 ,‚sit,
719 3423 765 3473 ex
792 3403 945 3498 pluribus
974 3404 1141 3498 capitibus
1167 3403 1322 3496 conquiri
1348 3425 1531 3477 necessum
1555 3405 1598 3477 sit
1615 3399 1685 3493 ³).“
1737 3403 1868 3485 Facile,
1907 3403 1936 3473 si
1962 3399 2120 3474 Osiandri

594 3504 716 3576 librum
744 3505 856 3597 leges,
881 3506 915 3576 in
942 3505 1017 3596 ejus
1043 3515 1156 3601 partes
1183 3516 1321 3577 vertere
1346 3507 1469 3600 possis,
1494 3510 1654 3600 quoniam
1681 3508 1828 3602 scriptor
1853 3524 1975 3593 magna
2002 3503 2119 3598 speeie

590 3605 676 3696 juris
711 3606 777 3678 sibi
802 3607 973 3679 vindicata
1000 3618 1034 3679 et
1066 3607 1248 3704 splendore
1284 3605 1434 3700 quodam
1460 3612 1629 3682 sermonis
1654 3609 1801 3682 excellit..
1855 3606 1898 3676 ΑΙ
1923 3606 1953 3677 si
1978 3625 2118 3676 accura-

592 3709 660 3780 tius
686 3708 721 3778 in
742 3730 815 3780 rem
831 3709 994 3802 inquires,
1017 3709 1193 3801 judicium,
1219 3711 1351 3805 opinor,
1375 3731 1516 3803 prorsus
1538 3713 1631 3785 aliod
1657 3709 1887 3806 profiteberis;
1915 3705 2118 3798 nequeabs·

593 3819 779 3892 terremur,
811 3812 995 3902 quominus
1021 3833 1095 3884 rem
1118 3813 1309 3884 accuratius
1335 3813 1449 3884 animo
1475 3814 1746 3909 perpendamus,
1770 3812 1899 3904 judicio
1927 3807 2034 3888 illius,
2058 3807 2117 3900 qui

594 3933 674 3982 eum
699 3911 858 3985 Osiandri
884 3914 1019 3996 librom,
1046 3936 1115 4008 quo
1141 3937 1205 3986 nos
1232 3914 1374 3995 utimur,
1401 3925 1501 3986 antea
1527 3915 1743 4010 possidebat,
1771 3916 1805 3986 in
1831 3911 1984 4002 margine
2009 3908 2117 3981 aduo-

593 4015 705 4095 tantis,
734 4037 772 4087 se
798 4016 939 4087 omnino
965 4016 1133 4089 Osiandro
1160 4015 1320 4088 assentiri
1336 4011 1389 4107 ll!

693 4116 880 4189 Censemus
907 4139 1027 4192 omnes
1053 4117 1306 4191 criminationes
1330 4118 1629 4212 dubitationesqne
1656 4119 1689 4190 in
1706 4116 1885 4189 Arndtium
1910 4116 2058 4210 prolatas
2081 4114 2115 4185 ia

593 4216 744 4310 quinque
766 4221 876 4314 capita
887 4220 1139 4302 meritodividi,
1166 4243 1271 4314 quum
1293 4221 1439 4315 primurn
1458 4221 1588 4292 crimen
1603 4220 1910 4300 considerabimus,
1935 4216 2115 4290 Amdtium

592 4319 688 4391 libris
713 4319 785 4390 suis
811 4320 955 4394 edendis
981 4322 1164 4419 probasse,
1202 4343 1241 4394 se
1267 4331 1457 4419 temporum
1484 4334 1638 4396 naturam
1663 4345 1805 4418 prorsus
1839 4322 2033 4413 ignorare,
2061 4340 2115 4390 se-

590 4619 593 4626 *
679 4588 702 4672 ¹)
735 4597 782 4653 28.
805 4611 835 4652 u.
858 4599 906 4655 29.
928 4599 990 4654 Jan.
1017 4601 1111 4671 l62l3
1145 4603 1180 4659 ct.
1208 4599 1320 4673 apolog.
1352 4598 1451 4656 llrndt.
1481 4597 1560 4672 apud
1587 4599 1780 4658 ltambach.
1803 4599 1853 4666 ΙΙΙ,
1882 4612 1910 4668 p.
1933 4592 2050 4652 ldssbb.
2075 4620 2115 4634 -

594 4673 617 4754 ²)
638 4679 679 4736 lb.
702 4697 730 4753 p.
746 4679 860 4738 lbllb.
885 4712 923 4723 —
978 4676 1005 4760 3)
1027 4685 1185 4758 Speneri
1208 4699 1287 4742 cons.
1311 4683 1397 4742 theol.
1419 4685 1466 4740 lat.
1486 4686 1518 4741 ll.
1541 4687 1662 4755 paraq
1684 4686 1719 4742 ci.
1742 4677 1981 4756 Ηαμηὴαοὴ,
2004 4678 2113 4736 V01'108·

591 4765 634 4831 lll,
656 4783 684 4836 p.
698 4769 766 4822 ³83.
791 4795 829 4808 -
893 4760 918 4845 ⁴)
941 4767 1010 4826 Aliis
1031 4770 1103 4827 locis
1124 4771 1220 4830 addita
1241 4771 1373 4828 invenies
1393 4767 1482 4826 verba
1503 4769 1606 4826 veluti:
1629 4771 1718 4842 „mihi
1740 4769 1817 4827 idem
1834 4764 1966 4834 accidie·
1989 4777 2111 4834 „verum

591 4853 683 4916 „est,“
704 4855 813 4920 „cavc‘*
836 4853 871 4911 ci.
893 4870 922 4928 p.
937 4857 985 4913 9³.
999 4859 1027 4914 2.
1042 4857 1091 4912 dt.
