4874 6060
1359 653 1407 726 at

623 856 733 926 Deum
768 853 931 948 precandi
967 855 1098 930 ratione
1134 856 1302 930 substrata
1340 869 1402 932 est
1467 857 1594 929 Auctor
1631 855 1733 948 igitur
1763 865 1882 929 noster
1914 876 1990 927 eam
2016 863 2145 928 tantum

625 957 855 1051 precationem
890 975 950 1051 pro
989 975 1072 1030 vera
1107 956 1230 1041 habet,
1272 981 1363 1053 quae
1401 982 1448 1032 en
1482 958 1548 1032 hoe
1579 958 1684 1030 animi
1714 956 1831 1030 habitu
1865 957 1938 1030 Dec
1972 958 2144 1030 clleratar.

623 1060 835 1151 Quamquam
856 1057 1018 1132 Arndtins
1044 1083 1151 1154 quum
1173 1060 1218 1135 de
1244 1064 1441 1156 precatione
1463 1062 1669 1154 loqueretur,
1696 1060 1853 1151 Wcigelii
1877 1060 2066 1133 sententias
2092 1081 2146 1132 se·

624 1173 723 1234 cutus
758 1183 837 1234 esse
876 1160 1028 1243 videtur,
1062 1173 1193 1245 tamen,
1232 1166 1388 1256 quamvis
1424 1163 1600 1254 utriusque
1637 1161 1826 1234 sententiae
1863 1162 1972 1256 primo
2005 1172 2145 1256 aspectu

625 1283 735 1359 paene
769 1263 914 1336 eaedem
946 1264 1128 1336 videantur
1158 1285 1259 1347 esso,
1289 1267 1359 1357 jam
1392 1265 1626 1346 fundamenta,
1658 1286 1705 1336 ex
1740 1263 1865 1357 quibus
1890 1274 2144 1358 processerunt,

622 1365 725 1459 plane
752 1377 831 1438 sunt
852 1365 1097 1438 diversissima.
1148 1366 1298 1460 Uterque
1325 1369 1360 1438 in
1386 1366 1558 1463 preeundo
1583 1367 1738 1462 spiritum
1765 1376 1919 1438 sanctum
1947 1366 1980 1436 in
2007 1363 2146 1438 homine

626 1467 700 1561 ipsc
725 1469 818 1561 luqni
845 1469 999 1562 putabat;
1026 1489 1128 1560 quam
1154 1469 1292 1561 quidem
1318 1470 1515 1564 opinionem
1540 1469 1680 1540 minime
1706 1467 1947 1562 aspernabere,
1974 1467 2002 1539 si
2029 1467 2073 1538 ita
2096 1467 2146 1537 in·

626 1569 776 1661 telliges,
809 1579 845 1641 ut
870 1569 1009 1665 spiritus
1037 1582 1175 1642 sanctus
1199 1593 1268 1642 nen
1292 1593 1337 1642 en
1363 1570 1523 1666 peculiari
1550 1569 1761 1642 revelatione
1783 1570 1845 1640 Dei
1872 1569 1905 1641 iu
1932 1567 2072 1642 homine
2097 1569 2146 1640 lu·

626 1683 762 1765 quatur,
790 1671 854 1745 sed
878 1693 898 1742 a
924 1669 993 1745 fide
1018 1682 1054 1744 et
1077 1692 1174 1743 sacra
1202 1664 1367 1767 scriptura
1389 1671 1630 1768 pmticiecatur.
1683 1671 1869 1761 Weigelius
1894 1682 2008 1742 antem
2032 1671 2147 1761 singu·

628 1775 756 1848 laribus
781 1773 1048 1847 revelationibus
1070 1773 1196 1846 divinis
1216 1775 1425 1867 gloriabatur
1442 1772 1506 1863 ⁶⁰).
1556 1773 1656 1870 Apud
1682 1773 1860 1844 Arndtium
1887 1784 1958 1846 tres
1984 1771 2147 1866 precandi

627 1877 755 1970 gradus
783 1878 828 1948 ita
855 1886 936 1947 sunt
949 1874 1172 1966 intelligendi,
1192 1886 1235 1945 ¹ut
1262 1877 1347 1947 varii
1375 1877 1562 1950 doctrinam
1588 1875 1806 1949 christianam
1827 1874 2061 1968 cognoscendi
2081 1885 2148 1946 sta·

629 1991 683 2052 tus
709 1977 951 2072 significentur,
977 1977 1073 2069 quod
1097 1977 1199 2049 etiam
1224 1978 1408 2071 Weigelius
1434 1979 1626 2062 contendit;
1651 1978 1715 2050 sed
1740 1976 1914 2057 Arndtius,
1938 1976 2031 2069 quod
2058 1976 2148 2050 Wei-

627 2082 738 2173 gelins
763 2080 889 2160 docuit,
918 2079 1030 2150 nullo
1054 2081 1146 2152 luco
1172 2079 1277 2162 dixit,
1308 2080 1483 2153 hominem
1513 2080 1557 2152 ad
1583 2102 1753 2153 summum
1779 2079 1983 2174 precationis
2004 2077 2147 2170 gradum

629 2183 790 2278 peculiari
817 2191 946 2254 mutum
963 2181 1026 2252 Dei
1053 2182 1262 2255 revelatione
1288 2205 1392 2278 posse
1413 2183 1615 2256 ascendere.
1667 2185 1701 2253 Si
1718 2180 1782 2254 hcc
1799 2181 1903 2254 modo
1916 2181 2147 2275 precationem

629 2285 913 2379 contemplamur,
939 2283 1054 2358 animo
1078 2293 1196 2356 nostro
1221 2286 1450 2358 obversantur
1472 2306 1617 2358 areanae
1643 2286 1720 2358 illae
1745 2294 1815 2356 tres
1840 2284 1916 2355 viae
1940 2282 1985 2355 ad
2005 2283 2068 2354 Dei
2094 2305 2147 2356 sa·

629 2389 790 2483 pientiam
815 2385 1000 2466 ducentes,
1026 2407 1112 2478 quas
1133 2387 1268 2480 mystici
1294 2398 1431 2460 veteres
1453 2387 1661 2468 docuerunt,
1698 2387 1789 2456 viam
1814 2384 2041 2480 purgationis,
2074 2385 2147 2458 illu·

629 2490 832 2570 minationis,
859 2487 1108 2560 communionis
1123 2487 1190 2576 01).
1240 2489 1377 2561 Praeter
1399 2490 1485 2562 alies
1507 2491 1603 2562 locos
1627 2488 1765 2561 duobus
1790 2489 1942 2560 maxime
1963 2487 2148 2561 edocemur

629 2591 676 2664 de
700 2591 890 2673 sententiis,
917 2610 1004 2682 quas
1030 2590 1104 2686 ipse
1129 2591 1175 2663 de
1199 2592 1394 2685 precatione
1416 2592 1557 2676 luverit3
1596 2593 1630 2662 in
1658 2591 1771 2686 prime
1797 2589 1932 2663 disserit
1955 2588 2002 2662 de
2025 2589 2147 2684 triplici

628 2715 758 2787 genere
778 2693 949 2790 precandi,
976 2691 1023 2763 de
1043 2694 1138 2775 orali,
1165 2693 1310 2777 interne,
1333 2695 1604 2788 >supematurali3
1632 2694 1666 2765 in
1689 2692 1877 2788 posteriore
1903 2691 2055 2784 quinque
2073 2714 2147 2786 pre·

628 2796 772 2870 cationis
785 2793 911 2888 gradus
927 2807 1168 2868 commemorat
1181 2791 1251 2886 ⁶²),
1277 2803 1426 2888 qnorum
1443 2797 1597 2890 quintum
1622 2817 1732 2888 genus
1749 2794 2006 2888 supernaturale
2031 2793 2148 2886 aequi·

630 2909 740 2995 parat:
768 2949 907 2980 .....
909 2907 1011 2989 atque
1037 2917 1098 2992 per
1124 2897 1212 2969 hanc
1238 2899 1404 2969 internam
1429 2899 1617 2970 oraticnem
1642 2896 1845 2969 deducimur
1877 2895 1922 2968 ad
1947 2906 2149 2989 supernatu-

630 3003 753 3081 ralem,
781 3001 939 3096 quaesit,
962 2998 1105 3070 Taulero
1129 3009 1227 3081 teste,
1253 3021 1316 3094 per
1339 3019 1457 3070 veram
1483 3001 1644 3071 unionem
1670 3020 1748 3072 cum
1762 2998 1851 3083 Deo;
1875 2996 2011 3091 quando
2032 3007 2149 3068 noster

630 3103 767 3197 spiritns
798 3113 931 3174 oreatus
961 3100 1171 3193 colliquescit
1197 3112 1231 3173 et
1256 3101 1484 3192 submergitur
1511 3103 1545 3172 in
1570 3102 1690 3197 spiritu
1715 3101 1778 3172 Ilei
1811 3101 1961 3174 increato
1973 3095 2060 3194 ὕπ’
2107 3099 2148 3170 ⁴Si

630 3205 731 3296 igitur
756 3204 919 3277 Arndtias
952 3203 1086 3276 tertium
1113 3213 1148 3274 et
1173 3204 1458 3299 perfectissimum
1484 3203 1647 3276 orationis
1668 3203 1811 3294 gradum
1842 3204 1887 3276 ita
1913 3202 2147 3284 intellexisset,

632 3317 667 3378 ut
691 3307 826 3378 animus
853 3317 972 3379 noster
992 3328 1072 3377 cum
1098 3306 1170 3376 Dec
1196 3305 1470 3397 conjungeretur,
1499 3325 1565 3397 qua
1591 3327 1630 3378 re
1654 3305 1687 3376 in
1701 3305 1765 3377 Dei
1791 3315 1946 3376 naturam
1970 3315 2006 3377 et
2030 3325 2148 3377 essen·

630 3410 711 3479 tiam
745 3409 1039 3501 transgrederetur
1062 3419 1100 3479 et
1123 3406 1391 3488 dissolveretur,
1426 3408 1508 3500 quin
1536 3408 1603 3478 imo
1636 3408 1670 3478 in
1697 3408 1770 3479 Deo
1796 3405 2004 3500 liquefieret,
2041 3407 2086 3477 ita
2112 3416 2148 3476 ut

629 3510 734 3581 animi
758 3513 865 3583 nostri
892 3531 1037 3606 persona
1063 3509 1215 3582 interiret
1241 3519 1330 3594 tcta3
1367 3509 1533 3582 sententia
1560 3510 1635 3600 ejus
1660 3531 1800 3605 prorsus
1826 3519 1918 3582 esset
1944 3507 2148 3604 respuenda,

630 3633 720 3705 quae
744 3611 788 3684 ad
815 3613 947 3686 somnia
971 3613 1116 3684 tanauca
1142 3623 1176 3683 et
1202 3611 1340 3703 quidem
1367 3612 1624 3696 Quietistarnm,
1650 3633 1737 3704 quos
1763 3621 1908 3692 vocant,
1935 3611 2148 3706 perduceret.

630 3715 697 3788 Sed
724 3715 831 3787 verba
858 3715 1019 3810 „spiritns
1041 3724 1159 3786 noster
1183 3713 1392 3806 colliquescit
1420 3714 1453 3785 in
1476 3714 1538 3785 Dei
1563 3714 1705 3808 spiritu“
1733 3711 1798 3784 hoc
1824 3734 1892 3784 unu
1920 3722 2048 3782 tantum
2074 3713 2151 3784 locu

630 3839 672 3889 ec
698 3817 836 3909 quidem
864 3837 967 3890 sensu
996 3816 1230 3895 inveniantur,
1256 3827 1358 3907 atque
1384 3838 1431 3886 ex
1454 3815 1587 3887 Tauleri
1616 3815 1753 3910 scriptis
1777 3814 1958 3907 desumpta
1983 3822 2079 3897 snnt3
2115 3813 2148 3882 in

630 3920 704 3990 aliis
726 3920 827 4000 lucis,
863 3919 919 3990 ubi
940 3918 984 3990 de
1007 3918 1135 3989 unione
1161 3916 1264 3988 animi
1288 3918 1393 3989 nostri
1421 3940 1498 3989 cum
1524 3918 1596 3991 Deo
1623 3917 1781 3997 disserit,
1816 3938 1885 3986 non
1912 3914 1956 3986 de
1983 3915 2148 4007 coloqui-

630 4033 684 4092 tur
706 4022 859 4116 scriptor,
886 4020 979 4115 quod
1003 4039 1149 4116 persona
1176 4019 1280 4089 animi
1304 4017 1442 4089 humani
1468 4021 1627 4112 intereat3
1654 4026 1860 4114 quapropter
1886 4038 1954 4088 non
1981 4013 2149 4088 habemus

630 4143 784 4196 caussam
812 4121 990 4195 rlrndtium
1016 4143 1170 4194 errorum
1195 4120 1417 4193 fanaticorum
1443 4121 1662 4202 criminandi,
1698 4138 1904 4213 quamquam
1929 4118 2149 4191 concedimus

631 4226 665 4296 iu
692 4245 814 4316 magno
849 4248 927 4298 eum
962 4224 1115 4320 periculo
1147 4233 1320 4296 versatum
1346 4245 1443 4304 esse,
1486 4235 1524 4297 ut
1556 4224 1590 4293 in
1612 4220 1780 4313 ejusmodi
1812 4242 1949 4292 errores
1974 4221 2149 4295 incideret.

630 4326 696 4423 lpsi
723 4325 808 4396 hacc
830 4327 999 4417 cogitandi
1026 4326 1113 4397 ratio
1137 4346 1204 4396 non
1231 4325 1312 4398 satis
1340 4326 1516 4421 perspicua
1542 4323 1807 4404 luissevidetur,
1833 4346 1938 4416 quum
1953 4320 1999 4396 de
2017 4324 2150 4396 interne

631 4430 785 4501 oratione
811 4429 928 4500 verbis
963 4439 1031 4499 tam
1058 4426 1297 4500 communibus
1320 4437 1449 4509 utatur,
1485 4449 1574 4521 quae
1599 4426 1643 4499 ad
1670 4426 1782 4496 omnia
1819 4427 1880 4497 tria
1905 4425 2066 4519 precandi
2091 4445 2150 4514 ge·

630 4552 712 4603 nera
742 4527 896 4601 adhiberi
924 4531 1071 4624 pussint.'
1117 4525 1229 4623 llyrrltis
1264 4529 1348 4619 lucis
1375 4531 1519 4627 scriptur
1554 4531 1642 4600 iuter
1668 4528 1753 4599 duas
1788 4537 1916 4599 tantum
1947 4525 2150 4622 precationis

711 4748 753 4830 ⁶⁰)
776 4706 1016 4825 Hagedbach,
1039 4751 1145 4809 Vnrles.
1167 4753 1210 4810 lll,
1231 4769 1258 4823 p.
1273 4754 1341 4810 ait.
1365 4782 1404 4795 -
1454 4749 1495 4828 61)
1518 4751 1616 4809 Gettlr.
1636 4750 1790 4818 lrnuld,
1806 4752 1926 4808 Historia
1943 4747 2148 4810 mllescbreib.

630 4840 656 4896 d.
673 4849 755 4912 myst.
771 4840 933 4912 theologie.
948 4856 976 4911 p
993 4841 1059 4896 tta.
1085 4866 1121 4879 -
1173 4830 1215 4913 ⁶²)
1238 4837 1354 4909 Puradg.
1368 4840 1458 4910 prael.
1477 4857 1505 4911 p.
1520 4840 1590 4902 558.
1613 4865 1651 4879 -
1697 4830 1737 4914 63)
1759 4837 1792 4892 ll.
1806 4853 1832 4894 c.
1847 4838 1896 4894 2⁰.
1920 4851 1948 4910 p.
1963 4835 2029 4890 185.
