4770 6086
1014 689 1059 762 91

273 889 338 961 bns
363 889 537 983 principiis
562 889 810 984 sententiisque
836 891 1039 974 studebant,
1070 903 1109 962 ut
1136 891 1254 984 religio
1289 889 1472 964 christiana
1500 892 1704 966 consisteret
1730 913 1798 963 non

273 991 390 1062 ianne
406 991 611 1081 cognitione,
641 991 704 1064 sed
731 1001 768 1063 ut
793 992 1000 1064 fructiferam
1023 1015 1102 1066 sese
1117 993 1309 1088 praeberet.
1361 992 1556 1066 Gerhardus
1576 994 1683 1066 edidit
1700 991 1799 1066 scho-

273 1092 339 1162 lam
354 1092 504 1186 pietatis;
532 1093 631 1165 breri
657 1104 811 1188 ternpore
838 1104 914 1187 post
931 1097 1003 1168 Nic.
1020 1097 1175 1168 Hunnins
1200 1095 1324 1166 librum
1344 1094 1379 1186 ¹)
1403 1080 1651 1189 concepit‘cni
1673 1117 1799 1168 nomen

273 1192 410 1264 indidit:
433 1192 646 1286 Anweisnng
671 1219 750 1267 zum
772 1193 1035 1269 Christenthum.
1087 1197 1180 1280 Quos
1208 1197 1314 1269 libros
1340 1219 1423 1268 mox
1449 1217 1655 1293 permagnus
1681 1221 1799 1270 nume·

272 1317 332 1366 ros
362 1295 506 1368 alioruin
539 1307 676 1370 secutus
710 1307 773 1369 est.
833 1297 953 1370 Libelli
982 1312 1016 1372 et
1050 1309 1211 1372 tractatus
1247 1301 1384 1372 Henrici
1411 1300 1584 1382 Muelleri‚
1622 1299 1800 1373 Christiani

272 1397 430 1479 Scriveri,
452 1399 706 1482 Luetliemanni,
731 1401 886 1494 aliorum,
914 1413 993 1472 sont
1017 1400 1209 1486 thesaurus,
1228 1414 1265 1472 ut
1281 1403 1327 1472 ita
1342 1401 1464 1482 dicam,
1492 1403 1660 1474 ecclesiae
1677 1402 1800 1473 Lntbe-

274 1520 377 1571 ranae
395 1497 441 1590 2).
494 1499 534 1570 Ut
564 1498 652 1572 hanc
683 1523 756 1573 rem
783 1501 999 1596 perspicuam
1033 1504 1249 1584 omittamus,
1289 1504 1480 1576 sententiae
1504 1502 1712 1576 Amdtianae
1747 1526 1801 1576 re·

274 1613 387 1674 motae
418 1623 438 1672 a
464 1602 541 1674 luce
571 1603 669 1674 *vitae
704 1603 859 1698 publicae
890 1603 1003 1678 bonos
1029 1606 1157 1677 fructos
1184 1607 1416 1700 protulerunt,
1452 1627 1540 1698 quos
1567 1626 1612 1677 ex
1636 1625 1740 1702 parva
1768 1615 1802 1676 et

274 1706 399 1795 exigna
435 1703 599 1775 librorum
637 1704 771 1796 origine
808 1705 869 1776 vix
908 1708 1177 1800 exspectaveris.
1236 1707 1437 1779 Hominibus
1476 1707 1587 1780 doctis
1622 1720 1657 1780 et
1694 1708 1800 1788 lalcis,

275 1826 483 1898 quamquam
507 1806 756 1897 gloriabantur,
785 1827 965 1878 severam
992 1829 1094 1880 verae
1120 1806 1202 1880 fidei
1222 1810 1451 1899 coguitionem
1477 1808 1619 1891 hahere,
1647 1809 1725 1880 libri
1751 1810 1801 1880 fn·

274 1919 374 1980 eruut
400 1927 531 1990 norma,
558 1929 625 1999 qua
638 1905 726 1981 fides
743 1918 964 2002 spectaretur.
1017 1912 1146 2004 Scripta
1164 1909 1298 1982 Arndtii
1320 1913 1474 2002 legentes
1498 1912 1593 1982 molti
1612 1931 1802 2004 agnoscere

273 2009 465 2091 debebant,
494 2031 533 2081 se
558 2009 712 2082 nondum
737 2029 855 2082 veram
881 2009 1001 2093 fidem,
1035 2032 1153 2084 veram
1180 2009 1387 2104 theologiam
1414 2012 1558 2094 habere,
1592 2035 1697 2106 quum
1724 2013 1802 2084 libri

273 2112 417 2207 simplici
453 2133 613 2184 sermone
639 2113 802 2184 lectorem
828 2133 932 2206 saepe
959 2112 1140 2194 docerent,
1177 2115 1211 2184 in
1236 2135 1306 2206 qua·
1329 2126 1425 2210 parte
1446 2113 1535 2186 fides
1559 2126 1653 2188 esset
1677 2115 1802 2187 debilis

272 2224 307 2285 et
324 2235 498 2308 perversa,
526 2235 615 2305 quae
630 2224 724 2287 esset
749 2233 832 2286 vera
852 2215 972 2306 religio
993 2214 1187 2288 christiana.
1209 2253 1254 2268 -·
1281 2217 1376 2287 hlulti
1401 2237 1538 2289 errores
1564 2239 1646 2289 suos
1672 2217 1802 2288 intelle-

273 2326 398 2388 xerunt
434 2317 611 2408 libereque
642 2316 790 2410 professi
827 2327 926 2402 snnt;
964 2319 1008 2388 ita
1035 2317 1184 2410 Cnopins
1209 2318 1252 2389 ad
1279 2317 1460 2390 Arndtinm
1494 2321 1647 2413 scripsit:

274 2418 540 2511 „religionisque
567 2439 700 2488 summa
723 2419 808 2499 fuit,
844 2439 890 2489 ex
925 2419 1091 2511 religione
1117 2419 1210 2491 rixas
1244 2431 1279 2490 et
1304 2421 1541 2492 contentiones
1568 2432 1697 2493 terame.
1749 2420 1802 2490 Ex

274 2542 366 2612 „quo
392 2519 585 2614 pernicioso
617 2541 702 2592 sane
727 2531 763 2592 ct
788 2521 958 2614 pestilenti
984 2542 1103 2592 errore
1128 2542 1184 2592 me
1211 2522 1277 2593 teis
1304 2523 1438 2616 scriptis
1465 2523 1618 2617 eripuisti
1643 2522 1802 2595 docendo

276 2622 413 2717 „potios
449 2622 608 2715 pietatem
647 2623 681 2694 in
712 2623 804 2694 vitae
845 2624 990 2717 puritate
1024 2642 1128 2716 qnam
1166 2623 1329 2694 scientiae
1366 2625 1595 2718 profunditate
1622 2625 1801 2704 contineri,

278 2743 450 2814 ..eumque
474 2747 559 2796 vere
585 2722 804 2796 christianum
832 2722 1027 2817 theologum
1055 2747 1146 2805 esse,
1173 2724 1233 2816 qni
1259 2726 1425 2820 inculpata
1453 2727 1521 2796 vita
1549 2727 1671 2820 potius,
1699 2747 1802 2818 quem

277 2825 443 2908 „scientia
469 2826 541 2898 suis
568 2827 781 2920 praeluceret
797 2823 867 2916 3).“
919 2828 1099 2900 Praeterea
1126 2827 1270 2918 legimus
1297 2828 1387 2922 apnd
1414 2828 1497 2920 llnp.
1522 2826 1728 2900 hleldenium
1746 2823 1801 2918 ⁴):

278 2929 424 3010 „multas
449 2949 538 3023 pene
564 2927 712 3000 dixerim
739 2927 912 3025 myriadas
939 2927 1114 3002 hominnm
1147 2950 1194 2998 ex
1219 2927 1320 3019 bajus
1351 2930 1416 2999 viri
1443 2931 1550 3000 sacris
1576 2931 1803 3004 meditationi·

278 3031 366 3112 „bus
394 3029 508 3112 lectis,
536 3029 731 3110 ruminatis,
757 3035 871 3104 animo
897 3031 1094 3126 impressis,
1121 3031 1154 3102 in
1185 3028 1436 3104 christianismo
1460 3053 1569 3113 vero,
1606 3033 1801 3128 inpietate,

278 3134 335 3214 „iu
363 3132 522 3215 caritate,
550 3133 769 3226 poenitentia,
797 3133 973 3207 sanctitate
1001 3134 1175 3226 praeclare
1200 3143 1236 3204 et
1259 3133 1398 3225 egregie
1425 3134 1629 3227 profecisse,
1656 3157 1721 3206 uec
1748 3157 1802 3208 so·

278 3237 371 3316 „lum
397 3233 489 3306 intus
513 3234 666 3308 sensisse
692 3248 805 3310 motos
831 3235 968 3330 spiritus
995 3236 1124 3316 sancti,
1151 3234 1213 3306 sed
1240 3245 1275 3306 et
1301 3232 1403 3308 fidem
1430 3255 1526 3306 suam
1553 3237 1636 3306 foris
1661 3237 1802 3309 demon·

278 3347 430 3419 „strasse
457 3388 466 3406 .
494 3389 503 3408 .
529 3347 564 3404 .·‘
618 3337 693 3432 lpse
721 3336 939 3417 Andreacus,
975 3335 1079 3408 bomo
1108 3358 1176 3408 non
1208 3337 1321 3408 minus
1353 3337 1486 3428 sagacis
1512 3337 1660 3426 ingenii,
1701 3360 1803 3432 quarn

278 3459 433 3512 summae
459 3438 605 3532 pietatis,
630 3440 739 3510 libere
766 3441 943 3536 professus
969 3451 1032 3520 est,
1057 3460 1094 3511 se
1120 3437 1317 3512 Arndtianis
1344 3439 1441 3511 libris
1469 3439 1624 3530 legendis
1650 3461 1670 3510 a
1697 3441 1803 3512 sterili

277 3539 345 3612 ilde
377 3539 421 3612 ad
447 3561 566 3611 veram
592 3542 712 3633 prexia
749 3553 783 3614 et
807 3539 909 3613 fidem
936 3539 1111 3614 efficacem
1146 3561 1225 3612 esse
1251 3540 1454 3637 perductum
1471 3538 1525 3630 ⁵);
1563 3541 1666 3613 immo
1691 3543 1802 3637 potins

278 3644 415 3738 ipsoex
439 3640 564 3714 libellis
580 3641 624 3713 de
644 3667 677 3714 v.
688 3643 764 3715 Chr.
780 3643 1009 3724 „medullam“
1027 3642 1177 3714 extraxit
1193 3641 1239 3731 ⁶),
1267 3663 1370 3734 quana
1385 3653 1503 3738 postea
1523 3644 1667 3738 principi
1682 3645 1801 3733 juveni

277 3743 474 3825 transmisit,
502 3754 562 3826 „nt
586 3765 663 3816 curn
689 3745 886 3839 dogmatum
910 3744 1171 3818 christianorum
1197 3748 1249 3816 lac
1270 3747 1340 3835 jam
1357 3745 1459 3817 avide
1475 3745 1677 3827 imbibisset,
1704 3766 1802 3839 prag·

276 3847 400 3918 rnatico
427 3846 529 3918 etiam
553 3846 644 3918 vitae
671 3847 881 3922 Christianae
918 3848 1070 3920 solidiori
1105 3845 1184 3918 cibo
1211 3848 1381 3942 paullatim
1406 3849 1654 3929 assuefaceret»,
1698 3859 1732 3920 et
1759 3848 1803 3918 in

277 3960 402 4021 recto
425 3949 602 4020 virtutis
629 3950 792 4023 itinere
818 3947 1196 4039 adjuvaretnr⁷⁸)!‘

377 4049 554 4140 Ejusmodi
579 4052 743 4123 librorum
769 4051 1033 4123 Amdtianorum
1062 4052 1192 4125 fructus
1217 4073 1287 4122 uon
1314 4053 1423 4123 solum
1450 4050 1662 4144 temporibus
1687 4060 1802 4122 aucto·

278 4153 336 4235 ris,
364 4153 425 4226 sed
453 4154 554 4224 etiam
582 4155 685 4225 multo
712 4167 789 4250 post
814 4153 1017 4233 invenimus,
1046 4155 1092 4225 uti
1110 4156 1282 4248 Spenerus
1305 4152 1349 4225 de
1379 4151 1442 4223 hac
1468 4174 1505 4224 re
1533 4152 1670 4246 saepius
1695 4154 1802 4224 verba

277 4255 376 4342 facit,
409 4255 513 4328 immo
541 4256 789 4350 posterioribus
817 4255 1027 4350 temporibus
1059 4256 1243 4328 auctoritas
1278 4255 1406 4326 sensim
1438 4263 1538 4326 aucta
1573 4266 1637 4326 cst.
1697 4256 1800 4332 Scias.

276 4357 415 4428 Paulum
442 4355 670 4430 Gerhardtum
709 4359 839 4432 suavia
863 4357 1029 4450 quaedam
1065 4359 1216 4451 carmina
1250 4357 1493 4437 contexuisse,
1529 4378 1633 4449 quum
1660 4357 1801 4447 vestigia

367 4627 813 4776 lphpmpaxchdtpraelhtpp.
836 4634 969 4774 lbppoll.
992 4661 1031 4775 m
1103 4627 1353 4775 lpogppriche,
1375 4631 1664 4774 {i'ghfflssemrlvfl’
1687 4647 1713 4702 p.
1731 4633 1801 4773 {g}

277 4711 411 4860 suanaJ
432 4733 637 4874 spicer}
665 4735 722 4880 apd
743 4732 1100 4869 sibisibi&
1122 4820 1150 4875 p.
1169 4757 1236 4858 ιιι.
1260 4829 1299 4844 -
1374 4713 1405 4880 ot)
1421 4731 1626 4859 additia&
1644 4732 1743 4855 irini.
1767 4757 1801 4857 ci

277 4887 468 4945 llambach.
488 4889 530 4958 111,
554 4905 582 4962 p.
602 4887 718 4948 ⁴032b.
736 4914 772 4930 ·-
835 4883 878 4964 ⁷⁸)
900 4887 1079 4946 Andreae.
1104 4887 1199 4943 Seleu.
1222 4887 1369 4960 Augustal.
1391 4890 1447 4944 inc.
1464 4888 1552 4943 tila.
1575 4901 1620 4958 ep.
1636 4886 1683 4941 57.
1706 4903 1733 4958 p.
1753 4887 1801 4942 dl.

1544 4993 1597 5051 lt*
