4874 6060
1343 667 1366 738 ἓ

593 893 673 944 rana
700 873 733 942 in
761 882 885 943 statum
912 870 1051 967 delapsa
1077 882 1148 954 est,
1176 873 1234 965 qui
1261 873 1394 945 mediae
1421 873 1541 944 aetatis
1568 871 1671 945 modo
1697 873 1826 945 litteras
1852 883 1886 944 et
1912 871 2118 966 theologiam

592 973 757 1048 tractandi
782 975 874 1046 nulla
901 975 934 1044 in
963 997 1000 1046 re
1018 975 1193 1048 dissimilis
1220 975 1291 1046 luit.
1306 1016 1356 1026 —
1382 975 1549 1058 Quantam
1577 975 1754 1047 utilitatem
1772 972 1940 1047 Lutherns
1968 975 2041 1068 ipse
2068 975 2118 1046 rei

592 1077 844 1150 reformationis
869 1075 1041 1160 attulerit,
1080 1077 1193 1150 statim
1221 1087 1296 1172 post
1325 1077 1398 1168 ejus
1426 1088 1569 1148 mortem
1596 1079 1875 1172 perspiciebatur.
1936 1077 2024 1148 Dum
2054 1079 2118 1148 Lu·

593 1179 679 1250 theri
710 1179 894 1250 auctoritas
926 1180 1119 1271 agendique
1152 1181 1311 1274 patientia
1338 1179 1581 1274 impedimento
1607 1182 1739 1261 luerat,
1777 1179 1958 1272 quominus
1984 1191 2118 1251 contro·

592 1281 727 1353 versiae
754 1291 788 1352 et
813 1279 951 1353 dissidia
979 1280 1213 1353 diversissima
1240 1293 1504 1362 enascerentur,
1539 1283 1651 1353 statim
1678 1291 1857 1377 postquam
1882 1281 1974 1353 diem
2000 1303 2118 1376 supre-

594 1407 686 1454 mum
712 1383 815 1464 obiit,
849 1403 991 1454 caussae
1015 1383 1131 1454 variae
1157 1383 1192 1453 in
1218 1385 1330 1456 lucem
1354 1385 1505 1478 prolatae
1531 1396 1629 1465 sunt,
1661 1406 1746 1476 quas
1771 1381 2021 1454 illelanchthoni
2047 1383 2119 1452 ani·

593 1509 669 1557 inus
696 1485 871 1556 nonsatis
899 1485 965 1556 sibi
991 1495 1152 1578 constans
1170 1480 1208 1576 ⁴)
1230 1487 1374 1575 rejioeao
1397 1509 1465 1560 non
1479 1487 1679 1658 putuit„et
1705 1487 1816 1581 ipsum
1841 1485 1886 1557 ad
1913 1485 2001 1557 illius
2027 1495 2118 1556 aeta·

594 1591 637 1660 tis
663 1587 812 1660 studium
838 1585 1022 1658 adductum
1044 1610 1123 1658 esse
1150 1585 1396 1680 cognovimus;
1423 1585 1456 1657 in
1504 1611 1546 1659 oc
1564 1577 1779 1682 ¹disceptandi
1806 1587 2010 1679 rixandique
2034 1598 2118 1658 tem-

594 1713 678 1786 pore
704 1689 883 1762 ecclesiam
909 1687 1135 1762 Lutbcraaam
1168 1711 1188 1763 a
1220 1690 1380 1786 qriurine,
1422 1689 1516 1763 hand
1545 1711 1632 1764 raro·
1652 1691 1688 1760 in
1722 1690 1941 1765 adversarios
1974 1691 2117 1784 prolato,

595 1794 740 1863 liberare
772 1814 840 1862 non
873 1813 1073 1885 possumus,
1110 1791 1204 1882 quod
1229 1790 1416 1864 defendere
1443 1804 1477 1864 et
1502 1813 1709 1865 conservare
1735 1792 1924 1864 doctrinam
1950 1792 2119 1864 sinceram

594 1896 729 1989 saepius
766 1894 799 1963 io
835 1903 1012 1964 externam
1049 1903 1178 1964 tantum
1213 1917 1286 1964 rem
1321 1893 1561 1986 degeneravit;
1600 1894 1764 1988 imprimis
1801 1895 1988 1988 posteriore
2024 1905 2118 1988 parto

594 1996 720 2069 saeculi
743 1995 827 2065 XVl.
867 1995 910 2066 At
933 1995 962 2068 si
986 1996 1202 2088 quaerimus,
1227 1995 1318 2068 unde
1342 1997 1479 2068 tandem
1502 1997 1675 2076 evenerit,
1703 2007 1738 2066 ut
1761 1995 1907 2068 eeclesia
1929 1993 2118 2066 Lutherana

594 2101 626 2170 in
657 2099 758 2167 talem
785 2107 907 2168 statum
935 2096 1137 2178 incurrerit,
1166 2097 1266 2170 nobis
1289 2097 1548 2170 concedendum
1572 2097 1657 2178 erit,
1680 2121 1821 2192 prorsus
1845 2119 1989 2170 necesse
2012 2098 2119 2170 luisse

594 2222 717 2274 novam
744 2200 818 2290 ejus
842 2199 1030 2272 doctrinam
1047 2200 1148 2270 -varia
1173 2201 1281 2272 stadia
1305 2201 1513 2286 decurrere;
1546 2219 1623 2270 nam
1648 2201 1735 2272 siem
1759 2195 2119 2272 consessioealbelica

594 2325 663 2376 non
694 2323 737 2374 ex
772 2323 840 2372 rruo
874 2301 1043 2374 dooenmo
1074 2303 1227 2396 prolecta
1253 2311 1324 2383 est,
1367 2314 1570 2398 exspectare
1596 2324 1666 2373 non
1696 2325 1899 2395 possumus,
1938 2303 2119 2374 ecclesiam

594 2405 827 2496 euangelicam
852 2403 885 2474 in
913 2404 989 2498 ipso
1015 2413 1095 2476 natu
1116 2403 1294 2476 doctrinae
1320 2427 1446 2498 corpus
1469 2405 1658 2499 perlectum
1680 2413 1715 2475 et
1739 2405 1938 2476 abeolmmu
1956 2405 2120 2476 constitu-

595 2521 703 2578 turam
735 2505 861 2589 luissa;
905 2505 996 2578 sicut
1025 2505 1211 2578 catholicae
1243 2507 1411 2578 ecciesiae
1437 2507 1595 2598 dogmata
1626 2505 1842 2578 solummodo
1870 2507 1976 2598 longo
1998 2507 2120 2578 aetatis

594 2609 702 2702 spatio
729 2607 842 2680 excoli
869 2618 1075 2701 potuerunt,
1103 2608 1147 2680 ita
1174 2609 1277 2680 wem
1303 2610 1608 2702 protestantismus.
1661 2608 1963 2680 Protesunttsmns
1977 2629 2025 2680 es
2045 2609 2120 2701 qni-

593 2709 673 2784 dem
699 2710 779 2780 vitia
808 2709 937 2782 evitare
962 2708 1131 2790 debebat,
1159 2711 1195 2782 ia
1219 2731 1310 2803 quae
1335 2709 1675 2782 ecclesia-catholica
1698 2711 1903 2795 incurrerat3
1938 2731 2014 2781 nam
2042 2733 2120 2805 pro·

595 2813 786 2886 testantium
812 2814 1069 2884 controversiae
1095 2812 1125 2882 si
1150 2811 1195 2884 ad
1221 2812 1417 2906 disputandi
1442 2815 1606 2885 rationem
1634 2823 1839 2907 spectamus,
1867 2813 1922 2884 eis
1945 2835 2014 2882 non
2039 2823 2121 2883 sunt

594 2914 795 2994 dissimiles,
831 2914 955 3004 quibas
982 2914 1129 2988 ecclesia
1153 2913 1318 2987 catholica
1349 2915 1489 3001 mocula
1518 2925 1640 3008 quarto
1673 2925 1707 2986 et
1736 2915 1855 3006 quinto
1879 2914 2024 2986 discissa
2054 2924 2120 2994 est,

594 3017 652 3088 ubi
678 3015 966 3110 Constantinopoli
993 3016 1104 3087 lorum
1129 3017 1309 3109 quisquam
1337 3037 1519 3111 peragrare
1545 3038 1613 3086 non
1640 3017 1771 3111 mant,
1810 3027 1868 3088 aut
1895 3019 2042 3088 lavatum
2070 3017 2120 3086 ire

593 3121 628 3192 in
652 3119 811 3199 balneas,
838 3119 919 3209 quin
946 3117 981 3188 in
1005 3119 1259 3190 controversias
1285 3119 1462 3209 religiosas
1490 3118 1738 3213 implicaretur,
1772 3129 1885 3190 utrum
1910 3117 2002 3191 filius
2026 3119 2121 3211 geni·

595 3233 648 3296 tus
670 3230 764 3294 esset
790 3241 902 3292 necne
919 3216 963 3307 ⁵).
1635 3267 1638 3274 ⁴

693 3323 869 3394 Summum
895 3322 1013 3394 vitium
1039 3333 1155 3394 natum
1184 3333 1238 3392 est
1262 3343 1324 3401 eo,
1360 3322 1473 3414 qood,
1513 3325 1599 3396 sicot
1625 3335 1727 3395 antea
1756 3324 1979 3416 imperatores
2004 3323 2121 3414 graem

594 3428 765 3504 lacerant,
809 3424 979 3518 principes
1005 3423 1250 3518 controversiis
1277 3421 1511 3515 theologorum
1538 3449 1616 3498 sese
1643 3425 1880 3497 immiscebant
1907 3445 2037 3517 oesque
2059 3424 2120 3496 de·

594 3528 804 3606 cernebant,
848 3547 954 3619 quare
981 3526 1086 3620 partis
1112 3547 1301 3620 oppressae
1328 3526 1412 3597 socii
1443 3549 1464 3597 a
1490 3529 1690 3600 muneribus
1717 3529 1825 3600 saeris
1852 3526 2036 3620 iungendis
2059 3527 2121 3598 de-⁴

594 3629 682 3724 pulsi
712 3638 749 3700 st
778 3650 824 3699 ex
853 3629 959 3722 patria
992 3628 1064 3722 ipsa
1094 3628 1230 3721 expulsi
1263 3639 1360 3712 sunt;
1407 3627 1497 3700 baud
1522 3652 1601 3701 raro
1629 3633 1664 3701 in
1686 3651 1863 3701 carcerem
1889 3629 2034 3719 conjecti
2062 3640 2120 3700 aut

593 3741 845 3806 morlemtsunt
868 3730 1034 3824 perpessi.
1094 3729 1236 3802 Fructus
1258 3727 1358 3820 bojas
1374 3732 1508 3823 agendi
1533 3733 1673 3802 rationis
1695 3732 1854 3803 videmus
1878 3733 1913 3800 in
1933 3728 2011 3801 Job.
2033 3731 2121 3802 Furr-

594 3831 719 3922 aiot),
747 3833 914 3912 Peucero,
942 3832 1064 3903 Crellio
1083 3830 1143 3920 ⁷).v
1177 3831 1404 3924 Quamquam,
1433 3834 1629 3928 prinsquam
1656 3834 1799 3905 lornrula
1816 3831 2021 3908 concordiae
2039 3853 2121 3906 coa·

595 3946 691 4030 cepta
718 3944 829 4014 esset,
864 3955 906 4006 ea
936 3935 1092 4028 ipsares
1116 3935 1337 4026 quaestiones
1362 3936 1511 4007 maxime
1538 3935 1881 4015 variasconcitavit,
1919 3934 2013 4028 quod
2045 3957 2121 4030 per·

595 4037 722 4112 &tum
742 4036 917 4109 doctrinae
933 4058 1069 4130 ¹corpus
1091 4036 1137 4107 ab
1158 4036 1306 4109 ecclesis
1331 4037 1609 4110 conservandam
1637 4060 1705 4110 oon
1731 4037 1848 4108 aderat
1864 4049 1911 4108 et
1935 4037 2000 4110 sibi
2027 4038 2122 4131 quis·

594 4161 661 4231 que
684 4139 740 4228 jus
766 4138 957 4211 vindicavit.
977 4138 1165 4212 sententias
1189 4159 1291 4218 suas,
1330 4141 1488 4232 quamvis
1516 4161 1683 4234 persaepe
1707 4139 1921 4234 praejudicio
1944 4150 1982 4212 et
2003 4159 2122 4211 mrum

594 4261 662 4312 noo
685 4261 830 4320 uacuas,
857 4241 1082 4336 expmmendi
1105 4241 1269 4332 omnique
1291 4242 1394 4312 modo
1417 4241 1647 4324 defendendi,
1673 4251 1814 4322 nmen,
1848 4252 2027 4336 postquam
2045 4243 2120 4312 lor-

595 4343 687 4414 mula
720 4343 928 4416 concordiae
959 4345 1140 4416 constituta
1178 4353 1254 4422 est,
1300 4343 1441 4415 multum
1477 4342 1703 4439 disceptatum
1739 4355 1795 4416 est
1828 4355 1863 4416 et
1897 4343 2119 4439 disputatum.

660 4527 717 4610 ,tt
735 4533 948 4592 lleluocbtboni
970 4549 1067 4592 moras
1086 4539 1118 4590 et
1138 4538 1270 4588 naturam
1292 4534 1408 4605 saepius
1430 4534 1500 4590 laisa
1522 4533 1672 4606 dijudicari
1694 4541 1821 4602 constan
1850 4535 1885 4591 cl.
1909 4531 2120 4592 budelbach

595 4635 622 4673 u.
646 4617 848 4684 Guario'lre,
879 4619 1016 4676 zeieetr.
1038 4620 1054 4676 l.
1080 4618 1107 4674 d.
1131 4617 1199 4676 luth.
1223 4617 1276 4674 ab:
1299 4634 1326 4674 o.
1349 4619 1499 4678 lassat.
1531 4619 1582 4676 llb.
1608 4622 1633 4685 l,
1668 4637 1696 4692 p.
1722 4623 1791 4676 aab.
1816 4645 1854 4662 -··
1918 4612 1944 4694 q)
1974 4618 2121 4689 liugan.-

594 4701 705 4769 bacb,
731 4703 936 4773 Vorlesungetr.
959 4705 1003 4762 lll.
1027 4721 1047 4775 p
1070 4706 1139 4760 273.
1163 4727 1202 4746 -·-
1267 4694 1293 4777 ⁶)
1326 4703 1526 4770 linariolas,
1551 4705 1852 4776 llr‘rebengeschiobta.
1874 4704 2061 4776 illapsas·
2079 4728 2119 4748 κ·

596 4781 620 4862 ⁷.)
651 4787 896 4860 basanotes,
923 4789 997 4846 lori.
1020 4791 1067 4844 lib
1086 4806 1113 4862 p.
1131 4791 1212 4854 2053
1240 4787 1286 4844 at.
1309 4787 1458 4854 Plaaelr,
1489 4789 1594 4860 Gesclr,
1618 4789 1645 4846 dt
1668 4796 1784 4863 protest.
1807 4787 1963 4858 Theologlu
1986 4802 2042 4843 voa
2066 4788 2119 4844 dee

595 4871 884 4936 Konkurdieolormal
903 4873 1011 4932 an'bis
1028 4875 1059 4930 ia
1084 4873 1132 4932 dle
1152 4875 1230 4930 ttttte
1251 4871 1316 4928 des.
1329 4875 1374 4927 ts.
1398 4874 1493 4930 Jahrb.
1526 4875 1602 4932 boll.
1630 4879 1717 4932 t83l.
1740 4891 1769 4948 p.
1784 4875 1916 4932 as-tt.
