4874 6060
1057 665 1080 738 ι

305 865 429 938 llultae
453 865 621 939 molesiae
634 866 846 939 Lutberanae
868 879 983 962 partes
1008 889 1114 961 quum
1138 869 1261 940 librum
1286 869 1512 964 symbolicum
1534 891 1607 940 non
1625 869 1830 962 acciperent,

306 968 388 1041 satis
409 987 555 1045 caussae
579 967 774 1050 habebant,
801 993 866 1042 our
884 991 965 1051 eos,
993 971 1052 1062 qui
1078 971 1194 1042 libello
1217 971 1272 1042 usi
1299 982 1399 1051 sunt,
1427 971 1706 1064 aggrederentur.
1760 970 1832 1053 Qua

305 1069 350 1142 do
375 1089 496 1144 caussa
522 1072 777 1144 controversiae
803 1072 942 1142 omnino
971 1073 1005 1142 in
1032 1073 1118 1144 duas
1152 1082 1266 1167 partes
1293 1072 1400 1144 diuidi
1429 1084 1592 1166 possunt,
1632 1093 1722 1164 quae
1748 1095 1832 1167 pug-

306 1172 418 1244 nandi·
434 1169 650 1244 vehementia
675 1183 709 1246 et
731 1173 905 1264 judicandi
931 1175 1117 1246 acerbitate
1143 1197 1212 1246 non
1239 1186 1336 1247 erant
1360 1175 1556 1246 dissimiles
1620 1174 1833 1268 Quamquam

306 1295 431 1364 negare
457 1275 597 1348 omnino
624 1297 691 1348 non
723 1297 928 1369 possumus,
959 1275 1020 1348 has
1047 1278 1285 1350 contentiones
1314 1277 1358 1348 ad
1387 1277 1644 1350 contessionem
1670 1275 1833 1349 Lutbera·

306 1397 385 1448 nam
411 1398 494 1470 pure
522 1387 558 1448 et
583 1377 716 1450 sineere
742 1378 949 1450 servandam
975 1380 1087 1470 magni
1114 1379 1221 1451 inisse
1248 1380 1432 1463 momenti;
1474 1391 1622 1476 attamen
1649 1380 1833 1473 optandum

306 1490 401 1558 erat,
418 1519 420 1524 ·
446 1489 482 1550 ut
506 1477 572 1550 bae
597 1479 854 1550 controversiae
881 1481 970 1552 inter
995 1481 1116 1560 doctos
1142 1492 1272 1552 tantum
1298 1481 1543 1554 remansissent
1573 1503 1662 1552 neve
1689 1483 1833 1576 populus

306 1582 353 1653 ad
377 1601 478 1652 ιιιιιιιι
504 1581 690 1652 alteramve
721 1590 849 1675 partem
875 1604 915 1652 se
941 1582 1066 1654 deduoi
1093 1603 1215 1676 passus
1235 1594 1352 1668 esset;
1395 1605 1472 1653 nem
1506 1585 1550 1654 ita
1578 1583 1720 1655 dissidia
1746 1585 1833 1654 inter

306 1684 523 1756 oonlosmres
554 1683 723 1756 ecclesiae
756 1686 1015 1777 protestantium
1048 1683 1223 1758 bominem
1256 1686 1445 1822 simplicem
1477 1707 1546 1756 non
1579 1695 1736 1780 poterant
1768 1686 1833 1758 nisi

306 1785 500 1880 deprimere
527 1794 564 1858 et
586 1784 775 1858 deterrere.

406 1887 494 1959 Ante
520 1888 700 1958 formulam
724 1888 964 1960 concordiae
955 1911 989 1960 ιιι
1012 1890 1125 1960 lucem
1149 1889 1313 1984 prolatam
1335 1890 1586 1962 contentiones
1596 1888 1833 1981 theologorum

306 1991 350 2061 ad
372 2001 487 2084 partes
505 1989 761 2062 diversissimas
782 1991 1010 2063 confessionis
1033 1993 1288 2086 pertinuerunt;
1322 2001 1398 2084 post
1426 1991 1576 2062 libellum
1602 1992 1730 2064 editum
1753 2013 1834 2063 con-

307 2091 484 2164 troversiis
510 2091 756 2184 synoretistiois
779 2093 1016 2174 occurrimus,
1056 2113 1146 2186 quae
1171 2091 1425 2185 quodammodo
1450 2115 1496 2164 ex
1524 2091 1589 2164 boc
1614 2096 1709 2164 lonte
1731 2115 1834 2165 exor-

306 2203 476 2266 taesant.
529 2193 660 2276 Quibus
686 2195 843 2266 omnibus
870 2195 1146 2267 contentionibus
1173 2193 1381 2286 litibusque,
1418 2215 1512 2287 quae
1533 2196 1701 2268 eeclesiae
1726 2197 1833 2288 magis

306 2295 523 2368 ιιιοιιιιιοιιο
549 2315 651 2387 quam
677 2297 859 2368 commodo
886 2299 1042 2378 luerunt,
1069 2298 1231 2368 universa·
1256 2305 1371 2367 nostra
1399 2298 1546 2368 ecclesie
1573 2298 1606 2368 in
1630 2305 1753 2368 statum
1776 2321 1835 2368 vc-

305 2398 485 2472 bementor
506 2398 757 2492 deplorandum
776 2400 917 2494 delapsa
939 2411 1008 2482 est,
1035 2421 1142 2492 quum
1165 2399 1329 2493 principia
1352 2408 1386 2468 et
1406 2401 1612 2481 sententias,
1641 2422 1689 2471 ex
1710 2399 1835 2472 doctri·

306 2521 350 2572 ιιι
370 2498 554 2574 christiana
577 2499 819 2595 depromptos,
848 2523 916 2572 non
940 2502 984 2573 ad
1007 2503 1098 2574 vitae
1119 2523 1218 2573 usum
1241 2512 1477 2586 verterentnr;
1512 2523 1579 2594 qna
1602 2525 1641 2573 re
1663 2503 1835 2574 confessio

307 2602 474 2676 ecelesiae
496 2603 541 2674 ιιι
563 2603 631 2674 vita
655 2603 887 2676 ecelesiastica
910 2603 1164 2695 quodammodo
1187 2611 1343 2697 separata
1368 2615 1432 2674 est.
1479 2605 1644 2696 Dogmata
1666 2605 1835 2676 ecclesiae

306 2705 405 2798 quasi
433 2727 494 2800 per
518 2725 558 2776 se
585 2705 656 2778 sola
681 2715 715 2777 et
740 2706 807 2777 sibi
834 2705 920 2777 solis
943 2706 1194 2786 formabantur,
1227 2713 1435 2799 quapropter
1461 2705 1490 2777 is
1517 2730 1579 2800 pro
1606 2707 1733 2778 eximio
1759 2707 1835 2776 viro

306 2807 407 2880 docto
434 2817 470 2880 et
494 2807 586 2878 bono
611 2806 800 2880 Christiano
828 2806 1039 2890 labebatur,
1077 2809 1134 2901 qni
1161 2807 1379 2878 adversarios
1406 2806 1519 2880 habile
1546 2821 1696 2904 apteque
1720 2807 1835 2880 redar-

306 2929 411 3002 guere
438 2919 564 3002 posset.
617 2910 686 2980 llac
712 2912 842 2982 ratione
864 2908 1033 3001 theologia
1055 2908 1257 2990 butherana,
1285 2911 1484 3003 praesertim
1510 2911 1555 2984 ad
1580 2910 1683 2982 finem
1708 2911 1835 2982 saeculi

307 3012 447 3086 xvte
469 3011 565 3084 initio
586 3011 809 3104 insequentis,
837 3012 1196 3094 mortnaortbodoxia,
1219 3032 1309 3104 quae
1330 3011 1376 3082 ad
1399 3011 1544 3083 litteram
1567 3032 1605 3086 so
1628 3013 1773 3107 applicat
1791 3009 1834 3103 8),

306 3133 473 3210 oppressa
498 3124 561 3194 est,
589 3113 624 3183 in
650 3135 760 3206 quaa
788 3115 861 3186 viro
883 3115 985 3186 dooto
1009 3114 1253 3229 postulabatur,
1280 3121 1317 3184 ut
1343 3113 1573 3229 locutionibus
1600 3116 1630 3188 si
1655 3113 1735 3186 lieri*
1757 3137 1835 3210 pos·

307 3321 407 3392 minis
441 3319 519 3392 laici
552 3329 646 3399 erat,
687 3320 816 3392 fruetus
849 3317 950 3409 hujus
981 3320 1176 3414 disputandi
1209 3316 1303 3456 modi
1335 3317 1431 3389 bono
1463 3319 1579 3390 animo
1611 3320 1783 3414 accipere
1802 3332 1836 3390 et

307 3421 464 3494 reddere.

358 3525 446 3596 .ln
472 3522 538 3596 boo
562 3533 650 3596 statu
677 3521 866 3615 theologiae
891 3524 1106 3595 ecclesiam
1097 3543 1206 3617 rpsam
1235 3535 1271 3594 et
1291 3477 1396 3593 utam
1423 3524 1689 3596 eeclesiasticam
1712 3524 1835 3596 llorere

308 3647 377 3698 non
404 3647 527 3720 pomo,
565 3647 627 3718 per
653 3647 692 3697 se
719 3626 850 3698 clarum
872 3637 948 3709 est;
988 3626 1088 3696 etiam
1115 3623 1267 3696 habitum
1294 3627 1467 3698 ecclesiae
1488 3637 1669 3696 externum
1701 3624 1764 3696 beo
1798 3647 1835 3696 re

308 3727 398 3800 mole
423 3726 513 3801 affici
538 3725 719 3808 videmus,
758 3739 793 3800 et
818 3728 1001 3800 ecclesiam
1023 3725 1286 3810 Lutlreranam
1279 3751 1313 3798 ιιι
1340 3726 1403 3800 hac
1428 3737 1541 3798 aetate
1564 3728 1728 3820 gravibus
1760 3749 1836 3822 per·

308 3830 544 3904 catanens
558 3831 705 3902 ,casibus
728 3831 773 3902 ob
798 3830 919 3901 oculos
941 3829 1041 3902 nobis
1063 3831 1210 3924 ponitur.
1263 3830 1452 3924 Persaepo,
1478 3830 1573 3921 quod
1596 3830 1721 3902 multos
1744 3853 1836 3902 conr-

308 3931 491 4015 movebet,
526 3941 563 4002 ut
586 3931 630 4004 ed
656 3933 874 4005 Caluinorum
897 3933 1154 4006 consessionem
1180 3953 1258 4004 sese
1285 3942 1549 4013 converterent,
1585 3953 1654 4004 non
1678 3945 1750 4004 erat
1776 3955 1836 4027 pu·

309 4055 385 4104 rum
410 4053 450 4106 ac
475 4035 665 4116 sincerum,
692 4056 798 4126 quum
824 4056 893 4106 non
918 4054 994 4105 raro
1018 4045 1132 4106 motus
1157 4033 1360 4106 clandestini
1382 4032 1539 4105 adbiberi
1564 4034 1736 4115 solerent,
1763 4036 1837 4128 qui·

308 4135 380 4206 bus·
401 4136 529 4230 prirnus
551 4135 759 4210 adulteram
783 4135 1297 4208 consessionem²traduceretur
1323 4135 1493 4230 princeps,
1520 4138 1836 4232 cujusexemplum

308 4237 456 4332 populns
492 4259 747 4331 nonnumquam
782 4249 921 4312 secutus
956 4249 1018 4311 est.
1071 4239 1236 4310 Nimirum
1273 4239 1389 4309 litibus
1427 4237 1493 4310 illis
1530 4238 1699 4310 diuturnis
1734 4261 1836 4311 nemo

308 4339 411 4414 valde
434 4339 596 4412 delectari
623 4343 733 4435 potuit
757 4351 859 4432 atque
883 4342 1110 4422 commoveri,
1137 4349 1174 4412 ut
1199 4360 1316 4412 amore
1342 4341 1596 4412 contessionem
1621 4361 1720 4413 suam
1746 4363 1837 4413 com·

310 4441 525 4536 plecteretur.
579 4443 652 4512 iarn
678 4463 768 4514 anno
794 4440 889 4514 1559
913 4442 1128 4514 Friederious
1150 4441 1201 4512 lll.
1225 4444 1354 4514 elector
1378 4441 1599 4524 Palatinatus,
1633 4443 1676 4514 ad
1703 4445 1836 4517 conles·

310 4544 442 4616 sionem
476 4543 692 4672 Caluinorum
725 4547 904 4617 transierat
921 4541 981 4636 ο);
1032 4545 1066 4615 in
1099 4541 1166 4661 dne
1198 4545 1326 4617 saeculi
1359 4543 1443 4614 llll.
1477 4545 1701 4628 Calvinismus
1737 4545 1838 4616 etiarn

398 4780 423 4862 ⁸)
458 4787 666 4850 Sobenksl,
697 4790 733 4845 in
751 4790 848 4846 Τιιιοι.
868 4789 952 4846 'Stud
978 4805 1004 4845 ιι.
1030 4787 1166 4845 lldtllren.
1194 4789 1284 4844 teta.
1315 4789 1367 4844 llll.
1392 4789 1411 4844 l.
1446 4804 1475 4860 p.
1475 4785 1547 4844 ll
1579 4817 1617 4828 -
1683 4781 1707 4865 9)
1741 4787 1840 4912 Gue

312 4873 435 4937 riokc,
460 4872 683 4944 llirchsngesclr
708 4875 903 4947 utpote.

1582 4982 1615 5038 Ι*
