4874 6060
1341 655 1386 729 18

598 860 841 1012 acerbils3simus
873 860 1007 932 Arndtii
1043 859 1283 942 adversarius,
1320 857 1509 942 Osiander,
1547 857 1742 932 concedere
1777 879 1817 930 se
1853 867 2009 930 coactum
2033 863 2125 932 'esse

599 964 772 1136 metilia).
786 1065 921 1160 scriptis
955 1064 1122 1136 Paracelsi
1158 1084 1328 1160 perpauca
1365 1075 1495 1135 nomm
1531 1063 1577 1136 ab
1612 1062 1757 1135 Arndtio
1795 1061 1996 1159 deprompta
2033 1077 2124 1147 sunt,

599 1169 692 1260 quod
715 1167 845 1239 auctori
870 1175 1011 1247 nostro,
1038 1167 1098 1258 qui
1124 1166 1219 1238 initio
1245 1187 1370 1259 magno
1396 1187 1514 1238 amore
1536 1164 1673 1238 deditus
1700 1167 1811 1236 luerat
1838 1165 1951 1239 studio
1975 1166 2122 1250 medico,

598 1271 697 1343 facile
724 1268 917 1354 concedes,
956 1289 1163 1361 quemquern
1190 1291 1234 1340 ne
1261 1269 1336 1362 ipse
1362 1268 1502 1361 quidem
1528 1268 1562 1339 in
1585 1265 1691 1340 verba
1719 1266 1870 1359 magistri
1892 1269 2019 1359 juravit
2037 1265 2096 1362 ¹⁴).

697 1373 884 1444 Consilium
908 1369 1041 1442 Arndtii
1078 1371 1112 1442 in
1145 1371 1241 1444 libris
1275 1369 1320 1444 de
1351 1393 1386 1440 v.
1413 1369 1489 1442 Chr.
1517 1370 1662 1442 edendis
1695 1370 1835 1441 minime
1865 1391 1945 1443 esse
1978 1381 2121 1466 poterat,

598 1474 861 1568 explicationem
888 1472 1061 1563 religionis
1087 1471 1291 1546 christianae
1317 1473 1374 1543 vel
1405 1473 1609 1545 christianae
1635 1469 1717 1542 fidei
1751 1483 1931 1567 praecepta
1965 1495 2011 1546 ex
2036 1474 2120 1546 artis

597 1577 673 1668 lege
708 1575 943 1672 proponendi;
987 1574 1082 1667 quod
1109 1595 1274 1670 perverse
1300 1573 1469 1648 Osiander
1502 1585 1682 1669 propterea
1714 1575 1992 1669 praetermissum
2026 1585 2121 1671 putat

599 1679 706 1761 „weil
731 1701 769 1750 er
792 1677 889 1748 darin
917 1675 1010 1748 nicht
1035 1677 1101 1748 lest
1125 1687 1315 1768 gewesen“
1335 1673 1409 1774 ¹⁶),
1458 1677 1521 1750 sed
1548 1677 1711 1769 quoniam
1742 1676 1774 1748 ei
1808 1697 2010 1771 persuasum
2044 1677 2119 1759 init,

597 1780 693 1852 libris
724 1782 769 1851 ita
802 1779 999 1874 compositis
1031 1779 1067 1849 in
1097 1779 1168 1850 vita
1198 1777 1381 1851 christiana
1412 1779 1485 1874 ipsa
1517 1777 1599 1851 nihil
1632 1777 1808 1850 emendari
1840 1799 1953 1872 posse.
2016 1779 2120 1870 Cujus

598 1882 739 1976 quidem
765 1882 815 1954 rei
837 1879 1045 1951 Arndtianae
1072 1881 1237 1975 epistolae
1262 1882 1363 1955 nobis
1390 1891 1496 1954 testes
1522 1891 1612 1954 sunt.
1678 1881 1798 1973 Neque
1824 1881 1916 1952 enim
1942 1881 1976 1951 in
2002 1881 2121 1954 animo

597 1983 731 2066 habuit,
759 1992 876 2055 contra
898 1983 1005 2054 salsos
1026 1980 1185 2055 doctores
1206 1991 1264 2054 aut
1287 1984 1455 2057 adversus
1479 1983 1598 2056 salsam
1621 1981 1810 2055 doctrinam
1832 1982 1996 2064 scribere,
2023 1981 2118 2075 quod

598 2087 743 2158 libenter
772 2105 810 2158 se
836 2084 946 2156 doctis
979 2083 1147 2176 theologis
1179 2107 1425 2172 concessurum
1451 2107 1530 2158 esse
1560 2086 1699 2180 saepius
1724 2085 1956 2169 asseveravit3
1997 2085 2117 2165 voluit,

598 2200 635 2260 ut
663 2186 744 2260 fidei
769 2187 933 2282 principia
959 2186 1001 2258 ad
1028 2186 1133 2258 vitam
1166 2189 1376 2260 reserrentur
1406 2199 1443 2260 et
1475 2187 1541 2260 hoc
1566 2187 1669 2260 modo
1697 2187 1769 2281 ipsa
1803 2198 1973 2280 tamquam
2000 2185 2118 2259 vivida

597 2290 728 2362 tierent.
780 2288 889 2372 Quam
914 2287 1053 2382 quidem
1085 2289 1288 2361 sententiam
1323 2291 1357 2361 in
1394 2290 1491 2363 libris
1523 2290 1589 2362 illis
1614 2287 1841 2379 dijudicandis
1872 2288 2013 2360 maxi-nri
2039 2311 2118 2360 esse

597 2390 759 2465 momenti
791 2391 1083 2484 insequentibus
1116 2391 1225 2464 fusius
1257 2392 1431 2487 probaturi
1464 2413 1594 2463 sumus.
1656 2391 1709 2461 Ex
1742 2392 1825 2464 artis
1855 2391 2047 2485 praeceptis
2072 2391 2118 2462 de

596 2493 774 2567 sententiis
797 2492 1004 2585 quibusdam
1029 2493 1229 2586 theologicis
1251 2495 1438 2589 disputavit
1459 2492 1624 2565 Arndtius
1649 2494 1684 2564 in
1710 2493 1882 2565 nonnullis
1908 2493 2116 2574 tractatibus,

596 2608 632 2668 ut
655 2594 892 2668 orthodoxiam
919 2616 1015 2667 suam
1042 2596 1211 2691 probaret.
1270 2595 1401 2668 Eodem
1430 2596 1573 2669 consilio
1605 2594 1649 2666 ad
1679 2595 1803 2668 ducem
1829 2596 2117 2668 Brunsvicensam

596 2698 750 2794 scripsit,
790 2719 912 2769 verum
936 2696 1228 2770 Christianismum
1257 2720 1305 2770 ex
1331 2697 1465 2770 duabus
1496 2696 1649 2792 partibus
1675 2699 1863 2779 contineri,
1903 2719 1948 2769 ex
1975 2697 2119 2770 ueritate

596 2801 771 2874 doctrinae
797 2810 903 2870 etex
928 2801 1053 2896 pietate
1078 2802 1189 2886 vitae3
1230 2801 1396 2896 „primam
1422 2811 1553 2896 partem
1578 2797 1742 2872 hactenns
1767 2797 1905 2871 abunde
1931 2809 2118 2872 tractarunt

595 2903 754 2976 doctores
781 2901 988 2984 academici,
1034 2924 1100 2994 ego
1126 2913 1160 2974 et
1193 2903 1250 2974 alii
1283 2925 1370 2998 pace
1402 2903 1537 2974 illorum
1563 2901 1751 2975 secundam
1784 2913 1915 2997 partem
1945 2912 2116 2998 tamquam

595 3007 747 3076 fructus“
762 3001 820 3100 ¹⁶).
873 3003 1052 3076 Arndtium
1078 3005 1188 3100 ipsum
1216 3027 1295 3078 sese
1318 3016 1498 3078 evocatum
1523 3005 1696 3085 sensisse,
1723 3014 1760 3075 ut
1786 3004 1886 3076 statui
1912 3025 1981 3076 non
2005 3005 2117 3078 solum

594 3107 786 3198 theologiae
813 3127 933 3178 verum
959 3107 1060 3178 etiam
1085 3107 1270 3179 universae
1292 3108 1382 3180 vitae
1408 3106 1611 3180 christianae
1637 3107 1804 3176 auxilium
1829 3108 1952 3186 terret,
1979 3107 2115 3188 exeis,

595 3229 683 3300 qnae
709 3208 755 3280 de
780 3208 847 3279 illis
873 3209 1083 3303 temporibus
1110 3211 1355 3303 exposuimus,
1383 3219 1598 3305 perspectum
1625 3208 1665 3279 iri
1691 3211 1880 3303 speramus
1932 3209 1980 3280 lia
2004 3220 2117 3282 aetate

593 3312 769 3403 Dilgerus,
805 3309 909 3382 homo
935 3311 991 3382 ille
1016 3331 1120 3382 verae
1147 3311 1301 3405 pietatis,
1334 3313 1368 3381 in
1395 3312 1537 3406 epistola
1563 3309 1607 3382 ad
1629 3309 1808 3382 Arndtium
1833 3311 1930 3382 data:
1965 3312 2115 3394 „multis

594 3414 722 3507 inquit,
763 3433 890 3509 „saepe
924 3413 1071 3485 lacrimis
1104 3414 1279 3508 deploravi
1311 3424 1510 3508 praesentes
1542 3413 1671 3484 saeculi
1704 3434 1839 3495 mores,
1879 3414 1913 3484 in
1945 3435 2013 3506 quo
2046 3437 2115 3486 non

598 3517 732 3598 „solnm
758 3515 906 3607 quisque
932 3514 997 3587 sibi
1023 3515 1223 3608 religionem
1255 3513 1370 3608 lingit,
1399 3513 1551 3607 refingit,
1586 3513 1649 3587 sed
1675 3527 1709 3586 et
1735 3515 1803 3596 illi,
1830 3516 1889 3608 qui
1911 3537 2015 3587 verae
2042 3517 2119 3587 reli·

597 3618 731 3710 ,gionis
765 3638 802 3688 se
839 3617 952 3689 socios
985 3639 1064 3690 esse
1097 3618 1307 3710 gloriantur,
1344 3619 1388 3688 ita
1415 3618 1558 3698 vivunt,
1598 3631 1635 3688 ut
1661 3618 1729 3688 vita
1761 3618 1805 3688 ab
1839 3616 1983 3688 ethnicis
2012 3617 2118 3689 deum

596 3718 857 3812 „ignorantibus
882 3719 1031 3790 discerni
1058 3742 1125 3791 non
1152 3720 1305 3814 possint,
1347 3721 1421 3792 solo
1447 3719 1585 3790 nomine
1611 3719 1781 3811 gaudent,
1817 3719 1908 3811 quod
1935 3717 2118 3791 Lutherani

595 3821 837 3903 „nominantur
862 3831 897 3893 et
922 3820 1124 3893 Christiani‘
1145 3820 1203 3914 Π).
1266 3822 1467 3914 Quicunque
1498 3842 1566 3892 non
1601 3823 1713 3893 solum
1745 3820 1862 3893 uerbis
1893 3841 2013 3892 verum
2045 3831 2116 3892 tolo

594 3932 733 4019 pectore
761 3920 970 3996 Christianae
997 3923 1173 3997 doctrinae
1199 3923 1335 3996 deditus
1362 3933 1454 4003 erat,
1497 3923 1623 3995 acerbo
1650 3943 1808 3996 moerore
1840 3920 1929 3994 affici
1954 3921 2115 4004 debebat,

594 4025 754 4119 quoniam
780 4025 837 4094 tali
863 4026 1029 4118 religione
1055 4027 1184 4099 nemini
1209 4023 1366 4098 satisfieri
1392 4035 1534 4120 poterat.
1588 4024 1816 4108 Quamobrem
1838 4023 2001 4097 Arndtius
2024 4027 2114 4097 viam

593 4127 691 4219 quasi
727 4127 929 4198 monstravit
963 4139 1065 4221 atque
1102 4128 1173 4200 dux
1208 4129 1269 4199 luit
1305 4125 1540 4220 theologorum
1575 4127 1782 4207 sollertium,
1820 4125 1945 4219 quihus
1969 4127 2112 4200 eaedem

594 4228 783 4302 sententiae
808 4238 841 4298 et
871 4231 1055 4326 principia,
1083 4241 1184 4324 atque
1211 4230 1296 4324 ipsi,
1329 4229 1424 4302 cordi
1451 4241 1548 4302 erant
1564 4225 1624 4329 18).
1678 4230 1768 4300 llaec
1793 4229 1837 4302 de
1866 4230 2028 4302 universo
2054 4250 2113 4301 au·

594 4330 697 4404 oloris
722 4330 876 4401 consilio.

679 4601 718 4684 ¹³)
754 4605 938 4666 ostender
966 4611 995 4665 ln
1024 4612 1113 4684 prael,
1144 4609 1295 4676 ad¹lect;
1339 4608 1374 4664 el.
1406 4623 1460 4664 nos
1489 4611 1513 4682 g.
1540 4611 1684 4667 111-
1773 4603 1810 4685 ¹⁴)
1845 4608 2056 4666 Diacmann.
2079 4609 2111 4663 ll

592 4711 621 4766 p.
647 4694 881 4750 rat-ata.·-
956 4688 994 4772 ¹⁵)
1024 4692 1662 4765 Ostenderinpraeladlectorem.--
1739 4687 1775 4771 ¹⁶)
1807 4693 1942 4751 attan:
1969 4693 2111 4750 1611111

592 4779 667 4850 apol.
688 4777 789 4834 hrndt.
810 4779 888 4851 apud
911 4779 1096 4838 llnmbach.
1118 4783 1161 4838 lll.
1192 4797 1218 4853 p.
1246 4777 1360 4834 11151).
1390 4807 1430 4818 -
1505 4774 1542 4856 ¹⁷)
1580 4782 1626 4838 lt.
1649 4779 1720 4850 hug.
1745 4781 1834 4836 tate.
1857 4779 1888 4833 in
1912 4777 1987 4849 apol.
2008 4775 2109 4833 Arndt.

592 4861 779 4920 llambach.
802 4865 844 4923 111.
869 4881 897 4937 p.
914 4865 1028 4924 t0³3b
1053 4895 1090 4908 -—
1156 4860 1192 4943 ¹⁸)
1214 4863 1345 4932 Lttclre,
1368 4863 1555 4922 Theolstud.
1574 4865 1785 4923 1111111851.
1807 4863 1891 4920 11111.
1915 4878 1943 4934 p.
1956 4864 2025 4918 9116.
2039 4864 2110 4920 1118.
