4770 6086
1318 584 1403 728 llil¹

578 859 728 953 „Aesopi
753 861 852 931 asino
877 857 1050 929 auriculae
1063 857 1102 926 ‘l“
1154 855 1256 928 Liber
1274 853 1434 928 Osiaudri
1453 877 1496 927 eo
1520 857 1663 928 multum
1679 857 1841 954 ponderis
1856 858 1971 942 habet,
1999 861 2105 954 quod,

577 963 624 1033 uti
648 961 717 1052 jam
750 982 853 1055 supra
879 957 1241 1038 commemoravimus,
1283 956 1469 1030 sententias
1503 980 1573 1029 non
1604 959 1705 1033 unius
1739 961 1805 1031 viri
1835 964 2006 1044 continet,
2042 964 2106 1037 sod

576 1063 669 1157 quod
704 1083 723 1132 a
757 1064 872 1135 multis
906 1061 1074 1153 theologis
1106 1060 1267 1132 laudibus
1301 1059 1434 1151 magnis
1467 1061 1578 1131 elatus
1611 1071 1683 1148 est;
1720 1063 1782 1143 ita,
1818 1075 1854 1134 ut
1889 1086 1996 1136 uuum
2032 1075 2105 1136 tan-

577 1177 648 1236 tum
670 1167 905 1246 nominemus,
939 1163 1134 1236 Messenius
1168 1161 1307 1254 quidam
1342 1170 1481 1243 evocat,
1517 1161 1699 1234 Arndlium
1726 1165 1837 1259 pium,
1875 1166 2103 1259 ingeniosum,

576 1268 694 1339 divino
721 1267 840 1362 spiritu
868 1267 1018 1337 adlatum
1045 1264 1185 1336 omnino
1210 1285 1279 1336 nou
1307 1258 1494 1358 fuissem),
1518 1264 1578 1358 qui
1604 1267 1708 1358 vulgo
1736 1265 1930 1340 haberetur.
1982 1269 2105 1341 Mirum

576 1369 715 1463 quidem
742 1369 891 1450 videtur,
922 1368 1046 1438 multos
1074 1365 1252 1458 theologos
1276 1365 1444 1437 Osiandro
1470 1387 1634 1438 ossensos
1660 1390 1756 1453 esse3
1783 1379 1817 1440 at
1842 1371 1873 1442 si
1894 1379 2103 1466 reputamus,

576 1494 680 1563 quern
706 1472 819 1543 locum
845 1470 1008 1542 Arndtius
1034 1469 1070 1538 in
1097 1469 1152 1538 illa
1179 1479 1290 1540 aetate
1318 1468 1483 1548 tenuerit,
1521 1469 1621 1539 facilc
1648 1470 1893 1562 intelligemus,
1929 1473 2105 1564 quomodo

574 1575 789 1654 Thummius,
818 1572 999 1664 theologus
1021 1569 1183 1663 quidam,
1219 1571 1276 1640 uel
1302 1570 1485 1641 Corvinum
1512 1569 1651 1641 laudare
1677 1573 1845 1666 potuerit,
1887 1573 2004 1667 „quod
2031 1575 2103 1647 lleo

576 1677 787 1756 „clementer
814 1677 998 1766 adjuvante
1022 1671 1190 1744 hactenus
1216 1671 1430 1745 laudabiliter
1459 1682 1493 1743 et
1520 1673 1664 1744 feliciter
1689 1673 1926 1772 teceritfflrlr

675 1777 844 1850 Osiander
875 1777 962 1847 libro
988 1775 1053 1868 ipsi
1078 1773 1165 1844 duas
1198 1771 1327 1846 addidit
1357 1775 1603 1868 praelationes,
1639 1796 1783 1867 quorum
1809 1779 1915 1850 alteru
1940 1778 1985 1849 ad
2012 1781 2104 1873 prin-

575 1881 685 1975 cipem
711 1879 1065 1968 Wuertembergicum
1092 1875 1318 1948 dedicationis
1345 1877 1420 1948 loco
1445 1875 1523 1948 data
1547 1888 1622 1958 est,
1650 1877 1756 1949 altera
1781 1880 1826 1951 ad
1852 1881 2033 1964 leotorem;
2070 1881 2105 1950 in

575 1983 688 2078 priore
715 1993 834 2053 auctor
861 1980 1007 2075 probare
1026 1977 1151 2058 studet,
1178 1999 1385 2070 quamquam
1410 1989 1611 2070 argumenta
1637 1979 1712 2069 ejus
1738 1983 1837 2054 malis
1863 1983 2015 2054 nituntur
2029 1984 2104 2054 iun·

574 2084 755 2166 damantis,
785 2085 819 2154 in
847 2080 1024 2177 permultis
1049 2081 1134 2152 locis
1155 2081 1321 2152 librorum
1347 2079 1612 2153 Arndtianorum
1639 2092 1777 2154 veteres
1804 2094 1838 2154 et
1865 2107 1974 2155 novus
2002 2085 2105 2156 ielsas

574 2187 749 2260 doctrinas
767 2182 980 2279 deprehendi
1004 2201 1133 2275 easque
1157 2183 1434 2263 innumerabiles,
1460 2182 1585 2274 quibus
1612 2193 1730 2255 auctor
1758 2186 1921 2257 librorum
1946 2186 1992 2258 de
2018 2209 2104 2256 vero

574 2289 829 2361 Christianismo
856 2288 1001 2358 lectores
1028 2305 1049 2355 a
1075 2285 1201 2379 scripto
1228 2294 1262 2355 et
1288 2284 1483 2379 praedicato
1509 2285 1619 2356 verbo
1644 2284 1708 2356 Dei
1734 2299 1896 2358 avocaret
1920 2300 1956 2359 et
1982 2289 2016 2360 in
2042 2309 2104 2359 cn·

574 2391 816 2462 thusiastarum
848 2387 1076 2460 revelationes
1099 2395 1321 2470 monstraret,
1359 2407 1427 2480 qua
1457 2408 1494 2456 re
1524 2407 1662 2458 omnem
1688 2388 1846 2460 ordinem
1877 2390 1910 2460 in
1941 2391 2103 2462 universa

575 2493 723 2566 ecclesia
759 2490 1017 2587 protestantium
1050 2489 1188 2560 interire
1222 2510 1367 2561 necesse
1393 2490 1446 2560 sit.
1500 2489 1537 2558 ln
1571 2489 1676 2560 ultera
1712 2493 1923 2584 praefatione
1950 2493 2101 2572 affertur,

574 2617 747 2667 venenum
766 2595 931 2665 librorum
946 2591 1211 2663 Amdtianorum
1234 2592 1304 2683 jam
1327 2591 1385 2663 diu
1400 2591 1488 2663 iuter
1514 2589 1671 2663 homines
1693 2592 1888 2666 dimauasse
1903 2595 2103 2667 nonnullos-

573 2719 641 2791 que
668 2697 711 2769 ed
739 2699 842 2768 falsas
868 2695 1047 2789 opiniones
1075 2694 1276 2785 somniaque
1296 2693 1502 2788 perduxisse
1513 2689 1605 2782 ³²b);
1632 2693 1812 2766 Arndtium
1839 2697 1953 2790 ipsum
1980 2717 2102 2769 ausum

574 2822 643 2870 uon
670 2822 768 2880 esse,
796 2797 1020 2870 Christianum
1044 2793 1123 2868 fidei
1149 2795 1340 2868 doctrinam
1367 2805 1532 2877 tractare,
1556 2797 1635 2889 quia
1662 2795 1765 2868 fidem
1793 2807 1920 2870 rectam
1946 2821 2015 2870 non
2042 2797 2102 2868 ha·

574 2902 696 2972 buerit.
749 2903 927 2971 Praeterea
950 2898 1118 2972 Osiander
1150 2898 1326 2991 expressis
1352 2897 1470 2969 verbis
1497 2900 1685 2992 praefatur,
1720 2922 1759 2970 se
1786 2901 1877 2971 nulla
1909 2900 1942 2971 in
1970 2901 2104 2972 ratione

574 3005 639 3097 ipsi
657 3003 790 3076 Arndtii
817 3023 984 3097 personae
1011 3021 1090 3072 sese
1116 3000 1362 3094 oppositurum,
1390 3001 1496 3070 multo
1523 3001 1634 3094 potius
1659 3002 1766 3073 libros
1794 3003 1887 3074 solos
1909 3023 1989 3074 esse
2015 3011 2101 3073 trao-

574 3117 732 3177 taturum.
784 3104 1029 3176 Commentatio
1063 3103 1137 3195 ipse
1170 3102 1204 3172 in
1231 3112 1309 3172 octo
1332 3102 1441 3195 capita
1468 3101 1578 3175 divisa
1605 3114 1675 3184 est,
1714 3123 1860 3194 quorum
1884 3104 2102 3196 unumquods

450 3203 457 3222 '
573 3227 641 3299 que
657 3209 758 3279 nobis
781 3207 913 3302 probat,
941 3215 1116 3276 auctorem
1141 3223 1347 3298 permagnos
1376 3203 1512 3276 labores
1535 3206 1571 3275 lu
1591 3227 1629 3276 se
1651 3207 1859 3299 suscepisse,
1883 3217 1922 3277 ut
1936 3205 2103 3297 judicium

574 3331 673 3381 suum
692 3311 834 3390 fulciret,
863 3309 1024 3402 quoniam
1050 3306 1184 3378 Arndtii
1209 3305 1317 3377 libros
1343 3325 1476 3377 summe
1503 3330 1580 3378 cum
1607 3307 1781 3399 diligentis
1798 3309 2100 3401 perlegit;‘omuin

573 3421 688 3483 autem
714 3423 912 3504 argumenta
940 3431 986 3480 ex
1009 3409 1237 3502 praejudicata
1264 3407 1411 3499 quedem
1439 3409 1600 3501 opinione
1623 3419 1701 3479 nata
1728 3421 1825 3490 sunt,
1857 3433 1963 3502 quum
1989 3412 2101 3484 nullus

574 3514 680 3584 lector
704 3535 837 3607 aequus
863 3532 906 3582 ea
932 3512 966 3581 iu
992 3510 1125 3582 Arndtii
1151 3509 1268 3581 uerbis
1295 3509 1450 3582 iuvenire
1478 3512 1604 3604 possit,
1640 3532 1729 3602 quae
1754 3512 1788 3583 in
1812 3514 1864 3584 eis
1887 3513 2002 3584 inesse
2029 3515 2101 3585 vult

574 3615 752 3688 Osiander.
804 3614 916 3684 Primo
942 3615 1051 3708 capite
1073 3611 1241 3684 Osiander
1266 3610 1311 3682 de
1337 3612 1536 3684 auctoribus
1561 3623 1595 3683 et
1623 3612 1719 3685 libris
1739 3613 1888 3696 disserit,
1916 3614 2101 3705 exquibus

574 3717 736 3791 Arndtius
763 3717 869 3789 libros
896 3737 978 3787 suos
1005 3715 1132 3806 majore
1158 3735 1204 3785 ex
1231 3723 1325 3809 porte
1339 3711 1507 3798 hauserit3
1531 3735 1597 3806 qua
1612 3726 1736 3786 tamen
1765 3717 1799 3786 in
1826 3739 1862 3786 re
1889 3714 2100 3798 conceditur,

574 3842 654 3892 eum
672 3839 939 3910 nonnumquam,
965 3818 1121 3910 quamvis
1138 3815 1230 3887 haud
1245 3837 1361 3909 saepe,
1388 3815 1504 3888 bibliis
1531 3817 1638 3888 sacris
1664 3819 1713 3888 uti
1733 3819 1890 3891 testibus
1941 3818 2102 3892 Secundo

573 3922 684 4018 capite
711 3943 889 3994 sermones
912 3921 991 3992 lacit
1015 3920 1160 4013 scriptor
1184 3918 1230 3990 de
1254 3918 1380 4012 scripto
1407 3928 1441 3988 et
1465 3919 1661 4012 praedicato
1674 3920 1736 3990 Dei
1762 3921 1881 4001 verbo,
1909 3931 1943 3992 et
1958 3920 2102 3993 demon·

575 4035 683 4096 strare
716 4025 847 4105 studet,
883 4022 1063 4094 Amdtium
1095 4022 1240 4092 alterum
1277 4019 1321 4089 ab
1352 4020 1458 4091 altero
1497 4022 1666 4093 immerito
1701 4023 1907 4112 sejunxisse.
1960 4023 2102 4106 Qualem

573 4124 677 4197 lidem
710 4138 745 4196 et
771 4127 926 4221 spiritum
952 4124 1115 4196 Arndtius
1152 4122 1373 4202 intellexerit,
1414 4121 1539 4213 quibus
1562 4124 1625 4194 Dei
1651 4123 1796 4196 verbum
1834 4125 1868 4198 iu
1894 4125 2101 4220 nobisipsis

659 4343 701 4416 :tll
726 4349 880 4406 soluerit.
907 4367 935 4422 p.
951 4353 997 4405 39.
1021 4377 1059 4388 -
1124 4338 1183 4422 ³²⁸]
1205 4343 1274 4401 ibid.
1294 4361 1323 4416 p.
1339 4346 1401 4409 tt„
1431 4343 1482 4400 ubi
1504 4343 1637 4402 laudetur
1665 4347 1807 4403 llierou.
1830 4348 1934 4415 llalrr,
1965 4349 2103 4406 Arndtius

574 4437 755 4512 antipietista,
779 4434 853 4491 Frld.
867 4436 978 4507 etLips.
996 4435 1084 4490 llll.
1100 4449 1128 4504 p.
1143 4434 1199 4496 tt,
1222 4429 1259 4484 do
1282 4445 1341 4500 quo
1363 4427 1438 4484 libro
1462 4427 1613 4486 disseritur
1634 4433 1678 4487 ln:
1703 4432 2101 4504 UnsohuldigeNachriohten

573 4537 632 4578 von
646 4521 723 4577 alten
739 4519 799 4577 und
816 4534 914 4576 neuen
927 4519 1013 4574 theol.
1029 4517 1151 4582 Sacheu,
1173 4517 1239 4587 Lpz.
1260 4515 1349 4571 urta.
1372 4529 1400 4584 p.
1416 4515 1485 4570 296.
1509 4515 1643 4573 Celerum
1660 4515 1913 4576 llossbaclrius
1926 4516 2100 4574 Osiaodrum

574 4613 603 4663 et
634 4606 818 4662 Thummium
848 4611 914 4676 apte
948 4603 1117 4659 denominat
1151 4599 1400 4672 „llloprleolrter;“
1438 4597 1473 4654 oi.
1503 4599 1629 4657 Andreti.
1665 4619 1691 4674 p.
1723 4602 1798 4672 ⁴733
1837 4603 1968 4659 similiter
1990 4601 2102 4673 iudicat

573 4691 723 4748 Planolr.
746 4709 774 4763 p.
792 4692 841 4747 st.
865 4717 903 4732 -
976 4681 1037 4763 att)
1066 4687 1243 4758 Hoburgtum
1266 4677 1365 4760 (Etiam
1387 4679 1592 4762 Praetorium),
1622 4688 1672 4757 qui
1693 4688 1780 4744 >initio
1801 4686 1980 4750 Arndtianos
2004 4685 2102 4753 libros,

575 4783 676 4848 postea
698 4771 1031 4833 aulemSchwenldaldli
1052 4771 1232 4842 aliorumque
1254 4769 1495 4826 enthusiastarum
1518 4770 1624 4842 scripta
1647 4772 1755 4842 legerit,
1779 4771 1815 4828 ad
1836 4771 1923 4829 taleas
1944 4773 2103 4830 sententies

575 4876 640 4917 osse
663 4861 843 4932 perductum,
868 4874 956 4916 nemo
978 4857 1098 4915 Arndtio
1121 4857 1188 4912 ultio
1211 4859 1321 4920 uertet3
1345 4851 1381 4909 ci.
1401 4852 1518 4920 uettz,
1542 4855 1671 4912 llislorie.
1696 4857 1738 4922 lll,
1763 4873 1789 4927 p.
1805 4859 1852 4914 5⁴.
