4770 6086
1007 654 1055 730 49

268 853 327 936 „in
367 876 437 948 quo
473 854 600 926 nullam
633 857 772 931 maino
801 857 953 953 culpam,
977 869 1110 932 ¹contra
1141 880 1226 932 vero
1253 879 1379 952 magna
1401 859 1436 929 in
1461 859 1642 932 ecclesiam
1668 859 1790 936 Christi

265 957 408 1039 „merita
435 957 569 1050 reperio
587 951 675 1046 ⁴³).“
1087 959 1100 990 ·'

365 1059 487 1136 Pauca,
516 1079 604 1150 quae
628 1059 674 1131 de
700 1060 947 1152 posterioribus
968 1063 1150 1136 sententiis
1175 1073 1211 1136 et
1227 1063 1271 1134 de
1292 1086 1329 1135 re
1344 1063 1517 1159 proposita
1537 1062 1684 1136 dicenda
1699 1075 1788 1146 sunt,

265 1161 398 1232 allaturi
424 1179 560 1241 sumus,
596 1169 778 1257 postquam
814 1173 914 1233 antea
936 1161 1139 1238 defensores
1165 1165 1298 1236 Arndtii
1331 1166 1604 1257 cognoverimus.
1658 1165 1789 1238 Deinde

269 1263 368 1336 nobis
394 1262 625 1358 permittatur,
650 1275 687 1334 ut
708 1285 753 1334 ex
780 1263 958 1347 omuibus,
985 1286 1075 1358 quae
1103 1268 1383 1363 exposuerimus,
1423 1276 1457 1338 et
1479 1268 1629 1360 singulas
1656 1269 1789 1341 dubita·

265 1366 377 1437 tiones
404 1363 728 1458 criminationesque
750 1366 785 1436 in
811 1365 918 1440 libros
943 1365 1077 1440 Arndtii
1103 1372 1251 1465 prolatas
1275 1370 1535 1454 constituamus,
1571 1381 1605 1442 et
1634 1372 1717 1465 quid
1744 1371 1789 1443 de

268 1466 332 1540 illis
356 1468 400 1540 sit
424 1463 630 1550 habendum,
658 1487 873 1560 quaeramus.
900 1509 952 1526 -
1059 1497 1062 1506 ·

760 1709 785 1782 5.
809 1715 836 1767 0.
881 1713 923 1768 lle
946 1709 1149 1771 defensoribus
1170 1713 1291 1772 Arndtii.

365 1878 499 1973 Optime
532 1877 809 1970 brevissimoque
833 1879 1087 1954 criminationes
1121 1882 1329 1974 collegarum
1354 1883 1656 1955 Brunsvicensium
1689 1882 1723 1952 in
1749 1883 1788 1952 li·

264 1983 362 2074 brum
387 1981 532 2075 primum
557 1980 759 2074 reprobatae
784 1993 886 2074 atque
913 1981 1077 2054 refutatae
1104 1995 1183 2055 sunt
1208 2006 1263 2066 eo,
1290 1985 1383 2091 quod
1400 1984 1563 2057 Arndtius
1579 1985 1652 2080 ipse
1675 1983 1787 2079 paullo

266 2095 344 2180 post
362 2093 431 2156 tres
453 2082 603 2174 reliquos
622 2082 757 2154 libellos
772 2084 938 2178 concepit.
991 2084 1063 2155 lam
1088 2097 1271 2178 antequam
1288 2087 1541 2160 criminationes
1567 2087 1644 2157 illae
1667 2095 1788 2158 enatae

266 2195 362 2266 sunt,
402 2184 603 2278 inepistola
631 2185 675 2256 ad
697 2185 905 2258 Piscatorem
930 2187 1008 2259 data
1034 2188 1180 2282 scriptor
1211 2189 1256 2260 de
1282 2190 1353 2262 suis
1388 2189 1551 2262 doctrinis
1578 2188 1788 2261 disseruerat

266 2297 367 2379 utque
395 2307 440 2357 ex
461 2285 579 2356 intimo
603 2297 741 2380 pectore
765 2288 941 2382 professus
968 2299 1051 2370 erat,
1075 2311 1115 2361 sc
1138 2311 1258 2362 veram
1284 2291 1452 2364 ecclesiae
1469 2289 1680 2362 Lutheranae
1706 2291 1787 2362 doo-

265 2389 388 2460 trinam
403 2399 540 2472 tenere3
567 2398 669 2480 atque
694 2390 808 2460 animo
834 2401 990 2485 prompto
1016 2392 1196 2463 formulam
1219 2392 1424 2466 concordias
1440 2394 1578 2464 nomine
1594 2393 1787 2488 subscripto

266 2487 490 2564 confirmasse
510 2489 659 2572 videtur,
686 2493 846 2584 quoniam
870 2494 1010 2587 saepius
1034 2494 1079 2566 ad
1104 2513 1181 2574 eam
1206 2504 1385 2590 provocat:
1410 2493 1515 2576 „nihil
1535 2517 1590 2568 me
1607 2496 1787 2589 scripsisse

267 2593 403 2676 „animo
439 2613 459 2662 a
489 2613 572 2664 vera
604 2592 769 2686 religione
794 2593 1014 2686 Augustanus
1050 2597 1278 2668 confessionis
1310 2608 1344 2668 et
1382 2598 1546 2669 formulae
1580 2596 1787 2669 concordiae

266 2695 420 2778 „alieno,
459 2705 517 2765 aut
545 2693 659 2766 studio
690 2695 846 2788 serendi,
883 2698 988 2768 multo
1016 2699 1129 2770 minus
1156 2697 1365 2770 defendendi
1391 2699 1571 2794 opiniones
1596 2711 1786 2793 pugnantes

265 2819 367 2881 „curn
392 2797 527 2890 scriptis
552 2794 652 2889 hujus
679 2798 847 2870 ccclesiae
863 2799 1071 2893 symbolicis,
1101 2809 1208 2872 testor
1231 2803 1524 2895 acpdtcyvdctna.
1552 2799 1684 2892 ..¹).“
1717 2799 1786 2872 Sed

265 2921 369 2994 quum
395 2909 533 2994 postero
558 2909 713 2992 ternpore
739 2901 993 2974 controversiae
1026 2903 1134 2994 magis
1160 2903 1337 2995 magisque
1362 2913 1568 2995 augerentur
1594 2925 1640 2974 ex
1665 2902 1787 2994 eisque

265 3001 428 3098 imprimis
454 3000 604 3072 Dentisci
642 3001 822 3076 dissidium
858 3002 939 3074 illud
959 3025 1133 3096 magnum
1165 3005 1253 3076 inter
1284 3006 1378 3100 ipsos
1414 3017 1568 3099 pastores
1596 3005 1785 3100 protectum

264 3115 373 3185 asset,
408 3101 572 3174 Arndtius
605 3101 864 3176 exhortantibus
896 3106 1013 3178 amicis
1040 3106 1234 3179 obsecutus
1265 3117 1319 3179 est
1344 3116 1379 3178 et
1408 3108 1597 3180 sententias
1630 3127 1710 3178 suas
1742 3105 1788 3178 de

263 3205 404 3299 'singulis
429 3204 604 3278 doctrinae
630 3206 812 3280 momentis
839 3207 874 3278 iu
901 3207 1043 3298 singulis
1068 3208 1267 3280 tractatibus
1294 3209 1469 3302 professus
1487 3219 1551 3290 est,
1581 3230 1628 3280 ex
1643 3227 1709 3300 qua
1735 3229 1787 3280 ra·

264 3309 362 3381 tione
384 3308 477 3380 werrati
504 3319 602 3380 sunta
639 3309 776 3381 libellus
812 3308 856 3381 de
890 3309 1018 3380 unione
1053 3310 1267 3384 credentium
1300 3333 1378 3382 cum
1413 3308 1545 3382 Christo
1569 3311 1668 3391 Iesu,
1712 3310 1786 3396 alii;

263 3420 399 3506 macter
430 3413 519 3502 quos¹
554 3409 660 3482 libros
683 3411 718 3482 in
744 3411 915 3505 publicum
948 3410 1059 3483 editos
1085 3412 1186 3484 nobis
1221 3422 1417 3485 asservatae
1451 3423 1531 3484 sunt
1564 3413 1690 3484 multae
1716 3412 1787 3508 epi-

264 3512 444 3592 stolaeet
468 3511 515 3582 ab
539 3510 683 3584 Arndtio
709 3512 934 3605 conscriptae,
962 3523 996 3584 et
1021 3513 1170 3586 adeum
1196 3513 1305 3586 datae.
1357 3515 1398 3586 Ut
1419 3535 1480 3588 aas
1505 3515 1666 3610 epistolas
1689 3514 1796 3586 omit:

264 3627 386 3694 umus,
413 3633 502 3707 quae
526 3623 606 3685 ante
631 3635 758 3686 anuum
778 3612 883 3686 abab
911 3625 1096 3710 conceptae
1123 3627 1218 3699 sunt,
1253 3617 1287 3688 in
1314 3616 1438 3708 quibus
1464 3618 1628 3711 imprimis
1655 3617 1787 3688 litterae

264 3716 341 3788 illae
356 3715 474 3812 Cnopii
500 3717 646 3810 pastoris
672 3716 716 3786 ad
739 3715 917 3788 Arndtium
940 3715 1039 3789 datae
1064 3739 1144 3789 eum
1169 3719 1328 3791 maximis
1353 3718 1512 3790 laudibus
1528 3719 1724 3814 praedicant
1742 3713 1786 3813 2),

264 3839 487 3914 permagnum
513 3815 680 3889 habemus
707 3840 885 3893 numerum
912 3819 1131 3913 epistolarum
1158 3819 1291 3892 Arndtii
1316 3821 1360 3892 ad
1386 3820 1598 3894 Gerbardum
1620 3822 1785 3918 datarum,

263 3920 307 3992 ad
333 3920 535 3999 Frantzium,
561 3919 605 3991 ad
630 3920 852 4003 Mentaerum,
878 3943 967 4014 quae
993 3921 1118 3992 affatim
1140 3922 1273 3994 Arndtii
1299 3921 1536 3996 orthodoxiam
1561 3933 1725 3996 testantur
1743 3920 1785 4020 3).

263 4021 495 4114 wolfgangius
521 4021 705 4104 Frantzius‚
733 4021 912 4116 theologus
938 4023 1254 4116 Wittenbergensis,
1282 4025 1326 4097 ad
1351 4037 1523 4121 pastorem
1544 4026 1786 4099 Dentiscanum

264 4125 411 4220 scripsit,
437 4145 551 4216 neque
576 4125 662 4198 alios
685 4127 779 4198 viros
805 4125 941 4208 doctos,
982 4147 1047 4198 nec
1073 4149 1111 4200 se
1137 4129 1172 4200 in
1197 4125 1330 4200 Arndtii
1352 4127 1448 4202 libris
1472 4129 1656 4222 vestigium
1682 4131 1785 4202 ullum

264 4225 439 4300 doctrinae
464 4223 658 4314 haereticae
684 4227 858 4307 iuvenisse
877 4223 919 4318 ⁴).
1689 4269 1694 4276 ·

363 4327 494 4402 Eodem
513 4350 604 4400 anno
616 4329 712 4402 tuat
731 4329 807 4400 libri
825 4329 963 4422 quidam
984 4330 1029 4403 de
1045 4329 1111 4404 hac
1128 4354 1165 4406 re
1185 4334 1369 4427 conscripti
1385 4343 1482 4418 sunt3
1498 4331 1604 4404 veluti
1617 4332 1783 4426 Dilgerus

347 4512 389 4596 43)
411 4518 596 4584 Andreae,
620 4517 804 4592 Theophilus.
825 4519 899 4592 Lips.
926 4522 1013 4578 4700.
1041 4525 1087 4581 ta.
1111 4522 1176 4580 dial.
1191 4525 1223 4587 ll,
1246 4525 1335 4596 pil.
1359 4551 1397 4564 -
1453 4517 1475 4600 1)
1499 4523 1642 4580 Gletch.
1664 4540 1693 4596 p.
1707 4526 1783 4580 2.—

267 4597 291 4680 2)
313 4604 395 4678 spol.
414 4603 514 4660 trudi
537 4603 614 4675 apud
636 4603 754 4660 Ramb.
777 4605 820 4670 lll,
843 4621 871 4676 p.
888 4606 1005 4664 40304).
1029 4637 1068 4650 -
1128 4603 1153 4684 3)
1178 4607 1514 4666 GeistlicheSendbriele
1535 4607 1587 4665 des
1607 4609 1670 4666 lob.
1683 4607 1783 4675 Arndt,

265 4689 342 4762 apud
363 4687 483 4748 llamb
505 4691 549 4754 lll,
571 4704 600 4760 p.
614 4689 690 4756 5973
715 4688 753 4745 ib.
775 4690 888 4762 apolog.
911 4690 1010 4750 Arndt
1033 4711 1061 4765 p.
1078 4696 1166 4752 4044.
1190 4723 1228 4734 -
1293 4688 1318 4772 ⁴)
1342 4698 1390 4752 rt.
1412 4696 1489 4752 blara
1515 4695 1607 4752 toto:
1630 4691 1785 4764 ‚mugillus

265 4775 422 4842 ,dimine
436 4779 563 4840 testatur,
586 4788 618 4830 se
639 4775 669 4828 in
691 4774 726 4831 iis
748 4773 1068 4846 nulla-Wetgelianismi
1089 4779 1207 4849 vestigia
1230 4778 1466 4852 deprehendam
1488 4784 1517 4836 et
1536 4792 1592 4834 nec
1614 4779 1676 4851 ipse
1698 4777 1784 4836 talem

264 4859 549 4932 „Weigeliauismum
572 4857 789 4916 arrimadverti.⁸‘
809 4858 922 4918 ltamb.
945 4862 988 4930 lll,
1012 4879 1040 4937 p.
1055 4860 1171 4920 40394).

1543 4975 1557 5027 l
