4770 6086
1340 652 1388 726 63

700 856 768 928 Sed
793 867 927 951 praeter
951 857 1037 930 baec
1060 855 1207 947 judicia,
1243 875 1332 948 quae
1357 854 1512 928 universi
1547 855 1687 930 ordines
1716 855 1952 948 theologorum
1978 857 2124 952 professi

601 969 690 1040 sunt,
718 958 819 1030 nobis
843 973 1020 1032 asservata
1047 969 1124 1032 sunt
1150 957 1332 1029 multorum
1356 959 1508 1030 virorum
1522 958 1789 1032 clarissimorum
1806 959 2009 1042 testimonia,
2035 979 2125 1052 quae

601 1062 714 1132 omnia
749 1059 804 1133 bic
829 1061 1028 1134 describere
1053 1079 1198 1134 necesse
1236 1081 1304 1130 non
1334 1060 1398 1132 erit
1412 1055 1470 1153 44).
1528 1059 1617 1143 Quid
1641 1060 1805 1153 Aegidius
1828 1061 1982 1134 Hunnius
2014 1062 2058 1134 de
2087 1084 2124 1134 re

601 1163 769 1244 senserit,
805 1163 876 1253 jam
907 1165 1130 1258 exposuimus
1145 1159 1205 1258 ¹³)
1272 1162 1467 1234 Certissima
1501 1161 1681 1234 Arndtium
1722 1161 1924 1234 orthodoxis
1957 1161 2125 1255 theologis

602 1265 770 1336 ecclesiae
797 1277 934 1338 nostrae
961 1265 1172 1338 Lutheranae
1204 1263 1470 1337 adscribendum
1496 1251 1587 1345 esse,
1614 1265 1716 1336 etiam
1742 1266 1951 1338 clarissimus
1977 1266 2033 1338 ille
2059 1265 2124 1337 llu-

602 1377 718 1460 pertus
732 1367 947 1440 llleldenius
939 1391 973 1438 ιιι
992 1366 1170 1462 paraenesi
1186 1365 1301 1436 votiva
1325 1366 1372 1461 (p.
1386 1365 1475 1454 aba)
1497 1366 1601 1438 dixit·
1630 1367 1894 1460 „Quamquam
1885 1367 1987 1460 rgitur
2003 1367 2126 1442 motus

602 1467 789 1550 „Arndtius
815 1470 903 1542 inter
928 1469 1141 1542 orthodoxos
1167 1489 1186 1538 a
1211 1489 1319 1561 puero
1343 1468 1479 1550 vixerit,
1506 1466 1710 1542 orthodoxis
1733 1468 1899 1560 theologis
1922 1491 1991 1542 non
2008 1471 2126 1564 paucis

603 1570 835 1650 „familiariter
868 1583 969 1644 notus
1001 1573 1177 1644 luerit..
1206 1569 1403 1662 .adeoque
1435 1571 1558 1642 caritas
1591 1569 1773 1643 christiana
1806 1569 1889 1642 nibil
1916 1571 2043 1643 sinistri
2069 1584 2127 1644 aut

603 1671 788 1752 „haeretici
815 1672 894 1745 de
886 1695 960 1768 rpso
984 1673 1149 1768 suspicari
1176 1671 1333 1742 sinat..
1361 1668 1465 1762 444.)
1517 1672 1627 1744 Etiam
1653 1673 1796 1767 epistola
1824 1671 2125 1746 illaGerbardiana

601 1775 643 1847 ad
664 1774 835 1845 llunnium
861 1776 962 1847 nobis
982 1774 1235 1874 comprobatur,
1259 1771 1472 1846 Gerbardnm
1499 1774 1590 1845 vel
1582 1797 1616 1846 m
1642 1775 1889 1869 posterioribus
1915 1776 2126 1870 temporibus

600 1875 781 1948 Arndtium
805 1878 979 1950 erroribus
1005 1863 1187 1947 haereticis
1221 1887 1255 1947 et
1281 1875 1501 1969 Weigelianis
1531 1877 1742 1948 absolvisse.
1782 1879 1965 1994 „utrinque
1991 1880 2125 1973 peccari

602 1978 738 2062 „video
763 1989 833 2049 tum
859 1978 951 2050 ab
930 2001 982 2058 ns,
1010 1979 1069 2071 qui
1097 1977 1235 2049 libros'
1227 2001 1261 2048 ιιι
1288 1981 1424 2050 coelum
1450 1977 1582 2060 tollunt,
1608 1989 1679 2050 tum
1705 1979 1797 2050 ab'
1776 2001 1830 2060 us,
1857 1980 1917 2072 qui
1944 1978 2126 2054 haereticis

602 2079 801 2164 „erroribus
826 2080 1031 2174 patrocinari
1058 2079 1229 2152 clamitant
1244 2077 1329 2167 4434
1383 2080 1551 2152 Revera
1543 2104 1577 2151 ιιι
1603 2103 1647 2153 00
1673 2103 1812 2161 omnes,
1852 2081 1911 2174 qui
1937 2093 2056 2176 postea
2081 2083 2126 2156 de

601 2184 697 2254 libris
724 2182 921 2255 Arndtianis
951 2182 1211 2272 judicaverunt,
1244 2184 1481 2263 consentiunt,
1519 2181 1612 2273 qnod
1642 2183 1719 2256 libri
1753 2204 1822 2254 non
1853 2184 1921 2256 sint
1951 2182 2125 2257 baeretici.

601 2282 853 2357 Wernsdorfius
890 2285 982 2357 idem
1015 2281 1222 2374 censuitlssl.
1275 2285 1461 2358 Nonnullae
1497 2281 1638 2377 phrases
1669 2307 1730 2380 pro
1756 2284 1913 2356 obscuris
1935 2283 2127 2360 babuerunt

600 2388 665 2458 viri
691 2385 794 2466 docti,
817 2407 904 2478 quas
932 2387 1057 2458 nostris
1085 2386 1296 2482 temporibus
1318 2407 1339 2456 a
1367 2387 1484 2482 paucis
1514 2397 1642 2470 tantum
1668 2386 1852 2480 improbari
1877 2397 2043 2481 potamus.

700 2487 744 2560 At
769 2490 907 2581 quaeris
930 2491 1094 2572 tortasse,
1133 2487 1307 2580 quomodo
1332 2487 1495 2561 Arndtius
1534 2488 1666 2581 ipsein
1691 2487 1754 2560 bas
1780 2489 2052 2570 criminationes,
2081 2511 2128 2562 ex

600 2589 725 2683 quibos
748 2591 873 2661 multae
893 2592 963 2682 jam
991 2611 1033 2661 eo
1060 2591 1141 2662 vivo
1164 2591 1319 2684 prolatae
1344 2603 1434 2672 sunt,
1463 2611 1542 2662 seso
1568 2592 1724 2681 gesserit
1776 2590 1827 2662 De
1844 2589 1909 2662 bac
1924 2613 1962 2663 re
1983 2592 2128 2686 scriptor

601 2702 719 2764 noster
742 2693 880 2787 saepius
904 2693 1084 2778 disseruit;
1111 2694 1269 2764 nimirum
1296 2693 1330 2764 in
1356 2691 1529 2786 epistolis,
1565 2713 1655 2785 quae
1681 2693 1794 2765 statim
1812 2693 1853 2763 uin
1881 2694 1993 2764 lucem
2016 2695 2128 2768 editae

601 2815 671 2866 non
687 2805 782 2866 *sont
834 2793 878 2864 At
904 2793 1073 2867 Osiander
1099 2796 1201 2866 etiam
1228 2793 1281 2866 bis
1307 2795 1451 2868 testibus
1483 2794 1649 2885 neglectis
1675 2794 1854 2867 Arndtium
1884 2795 2127 2889 impugnasset,

601 2899 763 2989 quoniam
779 2923 782 2930 ·
798 2897 901 2978 dixit,
942 2899 1043 2968 etiam
1078 2898 1112 2968 in
1150 2897 1292 2988 singulis
1324 2896 1543 2976 tractatibus,
1586 2897 1632 2968 ad
1668 2899 1775 2969 libros
1807 2896 2046 2971 defendendos
2072 2899 2127 2972 vel

601 2999 826 3093 explicandos
861 3001 1057 3094 conceptis,
1096 2999 1202 3071 veluti
1239 2998 1273 3070 in
1312 3000 1513 3094 repetitione
1548 3000 1782 3093 apologetica,
1830 2999 1946 3072 inesse
1980 3022 2128 3082 errores,

602 3101 706 3173 immo
735 3123 846 3174 novos
872 3123 1009 3173 errores
1024 3100 1082 3195 44).
1134 3103 1207 3172 lam
1234 3101 1268 3172 in
1295 3098 1560 3194 praelationibus
1587 3122 1754 3172 novarum
1769 3100 1957 3174 editionum
1966 3101 2128 3175 Amdtius

601 3201 791 3276 doctrinam
827 3225 924 3275 suam
959 3203 1172 3276 defenderat.
1226 3203 1272 3272 lta
1299 3203 1462 3275 Arndlius
1496 3200 1540 3271 ad
1574 3201 1807 3276 lllentzerum:
1857 3255 1902 3284 „.
1930 3255 1939 3274 .
1967 3205 2028 3276 tibi
2054 3227 2129 3300 per·

603 3304 774 3386 „suadeas
800 3305 926 3387 velim,
963 3328 1018 3378 me
1035 3307 1089 3376 ab
1117 3306 1255 3378 ineunte
1280 3315 1392 3377 aetate
1414 3325 1524 3397 usquo
1550 3302 1594 3374 ad
1620 3307 1759 3377 multam
1784 3305 1942 3378 canitiem
1969 3307 2050 3378 nulli
2076 3329 2129 3379 er·

603 3409 696 3488 „rori
722 3407 757 3478 in
778 3405 1011 3499 Augustanam
1036 3407 1290 3480 consessionem
1317 3417 1351 3480 et
1377 3408 1557 3480 formulam
1567 3406 1777 3480 Concordiae
1800 3407 1999 3502 impingenti
2021 3409 2130 3482 verbo

605 3509 795 3603 „imprimis
829 3510 947 3582 divino
980 3509 1178 3583 adversanti
1204 3509 1327 3582 luisse.
1344 3509 1517 3582 addictum
1532 3505 1618 3594 ¹⁸l.“
1678 3510 1799 3582 Fusius
1826 3521 1946 3581 auctor
1968 3521 2088 3584 noster
2112 3533 2131 3582 a

603 3611 746 3684 crimine
773 3612 1039 3704 Weigelianismi
1067 3635 1106 3684 se
1129 3611 1250 3682 liberat
1281 3611 1315 3682 in
1338 3613 1479 3706 epistola
1503 3611 1547 3683 ad
1569 3611 1759 3684 Frantzium
1777 3609 1823 3700 44)
1851 3610 1946 3692 dala,
1974 3626 2132 3686 accurate

605 3735 803 3808 exponens,
826 3714 910 3806 quid
938 3713 1070 3786 intersit
1097 3716 1185 3786 inter
1210 3712 1326 3807 ipsam·
1348 3735 1444 3786 suam
1467 3724 1502 3786 et
1527 3714 1683 3806 Welgelii
1709 3713 1914 3798 doctrinam;
1940 3714 2008 3788 alio
2035 3714 2131 3788 locor

608 3815 719 3896 „Weil
745 3816 813 3888 viel
840 3817 960 3888 Rotten
988 3817 1057 3889 und
1081 3819 1205 3890 Seoten
1233 3839 1273 3887 zu
1300 3815 1417 3888 dieser
1439 3817 1511 3888 Zeit
1538 3816 1753 3908 singerissen
1780 3815 1870 3896 sind,
1893 3815 2001 3888 deren
2021 3815 2132 3890 Lebre

606 3917 740 4000 „wider
775 3917 833 3990 die
861 3916 940 3988 beil.
968 3916 1092 3990 Schrilt
1118 3919 1268 4000 streitet,
1312 3939 1352 3989 so
1386 3916 1484 3990 thue'
1501 3917 1554 3989 icb
1589 3915 1706 3991 biemit
1734 3917 1889 3990 dieselbe
1925 3918 1976 3990 als
2003 3917 2131 3994 falsobe

604 4018 714 4090 Lebre
737 4018 973 4092 ausdrbclrlicb
1000 4023 1196 4094 verwerlen
1209 4015 1294 4114 ²⁰).“
1348 4021 1542 4092 Sententiae
1568 4019 1843 4099 Schwenkleldii,
1870 4017 2045 4104 Osiandri,
2072 4043 2131 4094 en·

605 4119 858 4203 thusiastarum,
885 4120 1050 4195 Arndtios
1075 4123 1253 4218 expressis
1279 4123 1397 4195 verbis
1419 4123 1538 4214 rejecit
1548 4118 1608 4214 44).

692 4359 731 4444 44)
754 4365 905 4423 blultorum
922 4365 1121 4436 theologorum
1135 4361 1245 4435 judicia
1261 4365 1376 4435 collegit
1388 4363 1601 4422 Sobarlllus.
1620 4381 1648 4438 p.
1665 4363 1838 4420 333-337.
1856 4389 1894 4404 -
1949 4357 1987 4440 43)
2009 4365 2045 4422 03.
2065 4364 2089 4438 5.
2103 4367 2129 4421 3.

605 4471 632 4526 p.
647 4455 693 4509 33.
717 4457 777 4507 003.
791 4453 817 4507 3.
843 4479 880 4491 -
949 4444 987 4528 44)
1009 4451 1044 4506 03.
1067 4448 1194 4505 33030.
1217 4450 1328 4520 pltt.
1352 4478 1390 4490 -
1466 4443 1503 4525 44)
1528 4453 1555 4506 3.
1578 4448 1660 4506 Febr.
1687 4451 1766 4504 3333
1797 4445 1874 4520 apud
1898 4447 2128 4522 lisbtmeyer.

605 4539 698 4611 suppl.
728 4553 757 4610 p.
776 4536 845 4592 333.
877 4564 914 4576 -
1004 4529 1079 4610 46),
1082 4532 1242 4600 Arndtium
1272 4535 1367 4605 ipsum
1389 4535 1457 4590 satis
1484 4539 1651 4591 excusatum
1673 4533 1828 4599 babemus,
1859 4547 1915 4589 noc
1937 4533 2063 4590 eundem
2084 4535 2130 4590 vel

605 4621 979 4693 wbnereseospostulamus
1003 4617 1391 4675 velomninodamnamne“
1411 4619 1633 4676 Werosdorl.
1649 4635 1677 4718 p
1692 4617 1743 4687 33ῑς
1768 4619 1803 4675 03.
1815 4617 1946 4675 Walcb.
1962 4615 2005 4684 lll,
2020 4635 2048 4690 p.
2061 4621 2129 4675 333.

607 4738 645 4750 -
712 4703 751 4784 47)
772 4704 960 4763 Ostender.
988 4705 1097 4776 ρ..33”3
1116 4705 1184 4760 333.
1208 4731 1247 4744 -
1321 4696 1359 4779 44)
1388 4705 1436 4760 33.
1460 4702 1521 4760 Oct
1548 4707 1625 4761 3333
1657 4705 1688 4760 30
1710 4703 1784 4775 epol.
1807 4701 1906 4759 Arndt.
1938 4701 2013 4775 apud
2035 4702 2132 4759 Ram

605 4792 708 4850 bacb
731 4793 775 4849 lll.
798 4793 952 4863 ρ..33333
975 4817 1014 4830 -
1088 4782 1126 4864 49)
1142 4790 1199 4845 3.3
1222 4788 1310 4844 33300
1321 4790 1419 4856 3333)
1450 4787 1568 4845 llamb
1592 4789 1641 4854 lll,
1671 4790 1786 4860 poll.
1810 4817 1847 4832 -
1923 4779 1964 4865 ²l)
1988 4787 2131 4845 lnallero

607 4882 778 4934 30033ωο030
812 4877 888 4932 3333
922 4876 957 4932 03.
979 4871 1094 4932 llamb.
1117 4874 1167 4938 111,
1198 4889 1227 4944 p.
1247 4871 1344 4930 3333.
1367 4901 1407 4914 -
1482 4866 1523 4948 ²¹)
1551 4874 1584 4930 ln
1606 4873 1734 4942 margine
1754 4876 1843 4944 repet
1864 4871 1940 4944 apol.
1962 4885 2026 4945 cap
2044 4875 2071 4929 3.
2091 4873 2129 4930 03.

607 4960 722 5020 ilamb.
745 4963 796 5028 lll,
825 4978 854 5033 p.
874 4962 949 5029 333;
971 4960 1007 5017 03.
1029 4956 1140 5017 Arndtii
1162 4956 1244 5029 epist.
1266 4958 1302 5014 ad
1325 4957 1488 5015 Frnntziom
1510 4955 1701 5016 Rambaob.
1724 4957 1767 5024 111,
1790 4973 1819 5028 p.
1837 4957 1931 5012 3330.
