4770 6086
1330 628 1377 704 bb

593 837 707 937 gravis
733 836 788 908 ille
811 855 852 908 ac
877 836 953 932 pius
978 844 1095 931 pastor
1118 835 1344 908 Dentiscanus
1362 832 1434 923 ⁶⁸),
1467 842 1648 930 postquam
1675 834 1841 926 judicium
1858 833 1996 908 ordinis
2023 831 2118 908 thoo-

593 940 748 1032 logomm
774 938 1032 1030 aegiomontani
1060 949 1178 1013 nactus
1204 934 1330 1033 est5b),
1356 936 1549 1030 quodcum
1575 937 1712 1020 litteris,
1732 959 1783 1010 ex
1809 938 1934 1032 quibus
1960 957 2119 1030 magnum

594 1041 668 1132 ejus
701 1041 859 1137 pietatem
885 1040 1142 1133 cognoscimus,
1174 1039 1218 1111 ad
1244 1039 1423 1112 Arndtium
1448 1039 1588 1111 miserat
1605 1035 1655 1132 6),
1690 1040 1814 1112 librum
1843 1041 1889 1112 ad
1912 1037 2118 1113 Arndtienas

594 1144 780 1216 sententias
802 1140 1037 1216 defendendas
1063 1143 1196 1216 Stettini
1213 1141 1244 1236 7)
1277 1141 1401 1226 edidit,
1436 1163 1539 1236 quem
1565 1141 1753 1236 inscripsit:
1793 1140 1960 1234 „ricbtige
1986 1141 2056 1214 und
2081 1142 2118 1214 iu

595 1246 736 1328 „Gottes
762 1245 858 1316 Wort
893 1243 1198 1336 wohlgegrnndete
1229 1242 1340 1317 Lehre
1378 1245 1411 1316 in
1453 1244 1523 1316 den
1561 1244 1637 1316 vier
1667 1243 1825 1318 Buchern
1860 1265 1942 1316 vom
1974 1241 2117 1316 wahren

595 1345 873 1431 „Christenthum
904 1345 977 1419 Joh.
1004 1346 1167 1420 Arndts.“
1220 1348 1295 1433 Quo
1326 1348 1453 1441 scripto
1487 1353 1606 1417 auctor
1632 1367 1754 1439 magna
1782 1346 1921 1439 quidem
1947 1347 2117 1420 sermonis

595 1449 834 1544 simplicitate,
861 1459 973 1520 tamen
994 1461 1094 1522 ,acute
1117 1448 1296 1522 Arndtium
1322 1448 1534 1522 adoctrinae
1555 1448 1660 1521 falsae
1686 1448 1886 1522 criminibus
1910 1449 2012 1520 tuitus
2037 1469 2118 1520 esse

594 1551 731 1622 videtur
748 1549 791 1646 8).
850 1549 962 1624 Nihilo
1000 1541 1113 1624 sacius
1144 1550 1325 1624 dissidium
1360 1551 1395 1620 in
1428 1551 1616 1621 ministerio
1649 1550 1854 1623 Dantiscano
1884 1560 2018 1622 auctum
2052 1562 2116 1622 est

595 1653 667 1737 Qua
693 1653 738 1724 de
765 1673 886 1726 caussa
912 1654 1038 1748 optime
1064 1675 1103 1725 se
1129 1654 1327 1725 meriturum
1354 1673 1433 1726 esse
1459 1652 1503 1724 de
1521 1651 1617 1722 libris
1628 1652 1823 1726 Arndtianis
1837 1653 1968 1724 amicus
1984 1651 2118 1738 Arndtii

596 1777 665 1826 non
687 1756 880 1827 nominatus
901 1757 1043 1849 putavit,
1070 1754 1183 1848 paullo
1210 1764 1287 1849 post
1303 1753 1482 1826 Amdtium
1508 1764 1679 1826 mortuum
1705 1755 1829 1826 librum
1851 1755 1887 1825 in
1910 1754 2021 1826 lucem
2040 1775 2118 1850 pro·

596 1858 730 1938 serens,
762 1877 832 1949 quo
857 1878 977 1928 omnes
1008 1858 1260 1929 controversias
1286 1865 1517 1950 componeret.
1570 1856 1672 1930 Liber
1704 1855 1886 1950 inscriptus
1920 1866 2008 1928 erat:
2044 1879 2118 1952 my·

596 1959 739 2032 sterium
774 1958 958 2050 iniquitatis
988 1956 1358 2052 pseudoevangelicac,
1403 1955 1469 2030 hoc
1501 1969 1553 2030 est
1587 1958 1782 2032 dissertatio
1813 1959 2025 2052 apologetica
2055 1981 2118 2052 pro

596 2061 751 2134 doctrina
772 2060 864 2131 beati
887 2059 959 2133 Joh.
986 2060 1121 2132 Arndtii
1145 2071 1285 2134 anctore
1313 2060 1356 2131 Μ.
1384 2060 1421 2131 Β.
1448 2060 1483 2130 F.
1510 2061 1548 2131 Β.
1575 2061 1705 2134 Goslar.
1735 2060 1843 2132 tuat.
1895 2059 1940 2130 At
1963 2061 2119 2134 oratione

596 2163 774 2235 acerbiore
818 2183 859 2232 ac
890 2159 1146 2235 uehementiore
1178 2163 1453 2236 adversariorum
1482 2163 1615 2236 animos
1646 2164 1754 2256 magis
1789 2161 1972 2246 excitavit,
2016 2183 2120 2256 quam

597 2263 740 2338 sedavit
792 2263 1004 2356 Quamquam
1032 2266 1109 2356 jure
1142 2265 1321 2337 Amdtium
1357 2264 1402 2334 ab
1435 2265 1559 2356 iniquis
1590 2275 1625 2336 et
1658 2265 1791 2356 injustis
1824 2263 2121 2338 criminationibus

598 2365 785 2439 defendere
815 2366 907 2461 apud
937 2368 1088 2438 animum
1112 2369 1241 2451 statuit,
1285 2377 1398 2438 tamen
1424 2366 1537 2461 potius
1559 2377 1679 2460 pacato
1705 2377 1740 2439 et
1761 2365 1859 2438 hilari
1891 2366 2005 2439 animo
2031 2368 2121 2440 inter

599 2477 934 2562 utramquepartem
960 2469 1175 2544 intercedere
1200 2469 1359 2542 debebat
1413 2465 1550 2539 lutitiari
1575 2469 1714 2541 omnino
1740 2491 1810 2540 non
1831 2488 2027 2561 possumus,
2055 2491 2120 2542 nos

599 2571 634 2641 in
660 2569 748 2642 libro
775 2571 833 2642 illo
859 2569 1018 2666 pulchros
1042 2570 1315 2667 deprehendisse
1337 2571 1452 2652 locos,
1487 2571 1546 2663 qui
1570 2581 1716 2642 aetatem
1742 2571 1833 2641 illam
1860 2569 2035 2664 aptissime
2059 2570 2120 2644 de·

599 2673 753 2764 signant3
776 2683 924 2746 attamen
950 2675 1001 2746 cis
1022 2674 1181 2746 assentiri
1197 2675 1362 2767 cogimur,
1385 2674 1443 2766 qui
1468 2669 1535 2745 hoc
1560 2673 1723 2768 scriptum
1748 2674 1799 2744 rei
1817 2671 2026 2744 Arndtianae
2049 2695 2119 2745 ma-

598 2775 652 2866 gis
678 2774 850 2858 obfuisse,
886 2797 988 2869 quarn
1011 2776 1192 2871 profuisse.
1207 2775 1324 2848 dicunt
1341 2772 1391 2870 9);
1426 2776 1626 2869 praesertim
1659 2797 1767 2867 quum
1797 2773 2120 2866 animadvertamus,

599 2886 772 2948 auctorem
808 2899 878 2948 non
905 2900 948 2950 eo
978 2879 1085 2951 luisse
1114 2888 1328 2961 contentum,
1365 2887 1402 2948 ut
1434 2877 1670 2969 quaestionem
1701 2878 1908 2972 propositam
1944 2886 2119 2965 tractarem

600 2977 663 3051 sed
697 2979 894 3052 universam
921 2981 1102 3054 ecclesiam
1127 2978 1354 3052 Luthcranam
1384 2978 1501 3050 verbis
1527 2980 1684 3072 castigat,
1719 2979 1820 3071 eique
1853 2979 1948 3049 varia
1978 2980 2121 3062 crimina

600 3080 727 3170 objicit,
754 3100 842 3172 quae
868 3103 913 3154 ex
940 3092 1035 3179 purte
1058 3083 1195 3176 quidem
1216 3083 1293 3173 jure
1316 3083 1350 3153 in
1375 3101 1453 3153 eam
1480 3082 1624 3176 proferri
1651 3103 1718 3154 non
1736 3091 1929 3175 potuerunt
1983 3080 2122 3165 Quare

600 3191 636 3253 et
662 3181 879 3256 adversarios
905 3194 940 3256 et
964 3185 1092 3258 amicos
1117 3184 1251 3256 Arndtii
1276 3183 1430 3256 offendit
1482 3184 1571 3254 Num
1592 3183 1700 3256 verba
1723 3183 1828 3255 ueluti
1852 3181 1955 3256 haecr
1984 3184 2121 3265 ,dlostri

602 3283 820 3380 „Neopapaai
846 3308 956 3382 nuper
980 3286 1160 3359 Arndtium
1185 3285 1452 3379 Weigelianismi
1483 3295 1517 3357 et
1551 3285 1668 3358 nescio
1694 3284 1790 3374 cujus
1818 3306 1886 3357 noa
1911 3295 2028 3358 soemo
2051 3287 2123 3359 fau·

602 3394 736 3469 „torem
763 3389 1084 3482 pronunciaverunt.
1137 3389 1284 3484 Bipedes
1310 3409 1431 3461 revera
1454 3388 1557 3470 asini,
1590 3409 1679 3480 quos
1711 3408 1775 3458 nec
1798 3387 2021 3480 Weiqslium,
2059 3411 2123 3464 nec

602 3486 806 3572 „Arndtium
832 3489 957 3582 legisse
984 3502 1133 3586 oportet,
1169 3502 1205 3563 ut
1231 3500 1302 3562 toto
1329 3492 1427 3563 coelo
1453 3488 1591 3562 diversa
1623 3511 1685 3584 pro
1716 3487 1837 3560 iisdem
1868 3500 1927 3560 aut
1951 3490 2122 3564 similibus

602 3591 751 3683 „poure
778 3613 847 3663 non
875 3593 942 3664 sint
967 3593 1068 3665 veriti
1167 3646 1176 3665 .
1214 3593 1274 3665 llis
1300 3592 1441 3664 auribus
1472 3593 1558 3664 meis
1583 3591 1720 3686 saepius
1745 3591 1863 3663 audivi
1888 3592 2122 3664 venerandum

601 3693 718 3776 „illum
746 3713 866 3766 senem
889 3695 1101 3787 gravissimis
1126 3693 1454 3786 verbisWeigelium
1481 3695 1526 3766 ob
1553 3715 1689 3767 errores
1714 3693 1938 3785 grauissimos
1963 3703 1999 3764 et
2022 3693 2122 3788 plene

603 3795 880 3876 „inexcusabiles
902 3796 1128 3870 detestantem
1146 3797 1240 3894 1⁰),“
1280 3817 1361 3868 num
1389 3792 1492 3880 haec,
1527 3796 1710 3890 inquimus,
1736 3796 1843 3868 verba
1871 3794 2003 3868 animos
2031 3796 2122 3868 viro·

601 3919 676 3968 rum
702 3897 880 3970 doctorum
902 3899 1085 3972 conciliare
1111 3899 1294 3996 poteraut?
1345 3898 1470 3990 Neque
1492 3898 1593 3991 igitur
1617 3897 1788 3969 immerito
1807 3894 1991 3971 Scharffius
2014 3899 2123 3991 loqui-

602 4009 656 4070 tur
682 3998 727 4072 de
749 4000 986 4075 maledicentia
1011 4005 1160 4077 auctoris
1186 3997 1359 4100 (Brelleri)
1374 3996 1435 4098 ιι).

686 4237 728 4320 ⁵⁸)
750 4239 909 4300 Candidum
931 4244 1096 4316 theologum
1118 4258 1186 4300 eum
1209 4244 1341 4300 nominat
1360 4240 1422 4298 ioh.
1436 4239 1495 4297 Val.
1508 4239 1692 4310 Andreaeus3
1715 4240 1751 4297 ol.
1774 4241 1836 4313 ejus
1846 4242 2031 4319 Theophilus,
2054 4242 2119 4302 dial.

601 4329 633 4396 11,
656 4331 746 4402 p.'l9.
771 4357 809 4368 -
886 4322 931 4407 ⁵1³)
961 4328 1215 4396 Rambachlll,
1243 4328 1375 4401 pluit.
1399 4351 1438 4368 -·-
1506 4319 1532 4402 ⁶)
1562 4325 1704 4396 imag.
1730 4327 1818 4384 ibit.
1856 4327 1895 4386 ib.
1922 4331 2054 4402 prosa.
2081 4359 2118 4372 -

602 4407 627 4491 7)
648 4415 855 4472 Diaomann.
877 4413 909 4483 11,
932 4418 1043 4487 pata,
1067 4418 1126 4470 not
1143 4415 1191 4468 98.
1217 4443 1255 4455 -
1320 4405 1346 4490 8)
1366 4411 1494 4468 laren.
1516 4412 1536 4479 l,
1559 4413 1650 4483 μθ).
1675 4439 1713 4451 -
1790 4406 1816 4489 9)
1838 4413 2000 4472 Sobaril.
2022 4431 2050 4487 p.
2068 4417 2122 4483 563

601 4500 818 4558 Diccmanu.
838 4497 877 4564 ll,
906 4503 1016 4573 patu.
1040 4529 1079 4544 -
1148 4491 1187 4574 ¹⁰)
1216 4500 1298 4572 llyat.
1319 4497 1390 4569 iuiq.
1419 4513 1447 4569 p.
1462 4499 1511 4554 96.
1534 4525 1573 4538 ·—
1648 4489 1687 4572 1¹)
1720 4496 1881 4556 Sohurtt.
1904 4516 1932 4572 p.
1951 4503 1999 4556 ab.
2021 4504 2080 4555 not
2103 4519 2123 4566 ι,

601 4584 758 4642 brulleri
780 4580 980 4640 maledicentia
1007 4582 1245 4656 reprehenditur;
1283 4583 1318 4640 cl.
1349 4586 1479 4638 ceterum
1514 4581 1539 4654 fi,
1562 4583 1591 4638 ’1.
1621 4597 1650 4653 p.
1670 4583 1718 4638 59.
1769 4585 1868 4655 ltaque
1898 4584 2124 4644 necimmerito

601 4669 847 4727 Rambaclrius
868 4659 921 4743 (Ill
944 4686 972 4742 p.
986 4671 1055 4726 bot.
1077 4662 1188 4746 notb.)
1209 4668 1336 4740 loquitur
1357 4665 1394 4724 dc
1416 4658 1647 4742 ’Aprdmpcrlc
1667 4666 1842 4735 Brelleri,
1864 4670 1915 4740 qui
1935 4670 2008 4727 baso
2029 4665 2120 4724 verba

601 4755 758 4826 scripserit:
781 4753 879 4821 „Deus
892 4756 965 4827 ipse,
988 4755 1013 4811 ai
1026 4755 1194 4812 concionari
1206 4754 1300 4820 uallet,
1323 4751 1405 4809 aliter
1425 4765 1486 4810 non
1509 4752 1833 4820 essetconoionaturus,
1855 4767 1943 4825 quum
1951 4750 2118 4810 amantor

604 4839 639 4896 ci.
662 4839 777 4912 Myster,
798 4854 826 4910 p.
844 4839 890 4895 tt.
1952 4871 1955 4878 ι
