4770 6086
1327 655 1374 728 ²12

587 868 621 930 et
639 857 821 928 nonnullae
844 854 1079 948 theologorum
1099 861 1283 933 societates
1303 859 1610 951 interrogabantur,
1638 857 1842 952 plurimique
1856 860 2115 953 protestantium

587 958 755 1031 eeclesiae
780 957 930 1050 theologi
951 960 1223 1055 disputaverunt

688 1059 786 1130 Anno
815 1061 911 1133 1618
939 1062 1100 1136 Danielus
1127 1064 1303 1157 Dilgerus‚
1343 1074 1459 1158 pastor
1484 1064 1730 1146 Dentiscanus‚
1767 1063 1874 1134 libros
1894 1063 2114 1144 Arndtianos

588 1163 821 1257 imprimisque
858 1163 1008 1235 libellum
1044 1168 1279 1261 precationum
1312 1165 1683 1258 ,‚Paradiesgttrtlein,“
1721 1164 1890 1238 ecclesiae
1924 1166 2036 1238 coetui
2070 1187 2115 1236 ex

588 1263 749 1336 cathedra
775 1275 947 1358 tamquam
973 1268 1098 1362 scripta
1124 1267 1250 1340 idonea
1275 1267 1596 1349 commendaverat,
1638 1287 1727 1360 quae
1752 1267 1918 1362 pietatem
1939 1277 2114 1358 augerent

589 1367 730 1438 Postero
761 1367 844 1438 solis
870 1367 926 1438 die
951 1367 1025 1440 Joh.
1049 1369 1235 1453 Corvinus,
1259 1371 1365 1440 nimio
1392 1371 1517 1442 ardore
1539 1379 1735 1463 correptus,
1763 1367 1910 1440 eandem
1935 1369 2116 1441 eeclesiam

589 1466 788 1540 exhortatus
812 1478 882 1550 est,
916 1480 952 1540 ut
978 1471 1054 1544 illos
1076 1471 1185 1548 libros
1210 1481 1360 1546 caveret.
1414 1474 1452 1544 ln
1473 1471 1661 1544 ministerio
1687 1471 1893 1542 Dantiseano
1917 1470 1962 1542 de
1989 1468 2052 1542 hae
2077 1493 2116 1542 re

589 1567 770 1642 dissidium
796 1581 907 1641 ortum
935 1583 997 1654 est,
1024 1595 1129 1665 quum
1156 1574 1265 1654 alteri,
1290 1593 1433 1646 numero
1460 1572 1600 1665 quidem
1624 1559 1824 1666 pauciores,
1851 1571 1885 1642 in
1913 1582 2027 1667 partes
2047 1571 2117 1642 Ilil-

590 1671 663 1764 geri
689 1671 786 1753 irent,
815 1673 912 1748 alteri
937 1685 1054 1745 eontra
1073 1675 1280 1748 Arndtianos
1306 1675 1413 1748 libros
1439 1675 1593 1748 dicerent
1610 1671 1654 1764 ⁴).
1705 1673 1808 1746 Nihil.
1822 1673 1866 1744 ad
1892 1695 1967 1746 rem
1982 1695 2116 1746 accom-

590 1777 760 1848 modatius
791 1787 826 1847 et
857 1778 1002 1868 aequius
1026 1778 1105 1858 luit,
1140 1777 1206 1850 nisi
1231 1777 1326 1870 qnod
1352 1779 1519 1852 Corvinus
1552 1777 1784 1850 dubitationes
1821 1796 1901 1849 suas
1937 1775 2115 1870 probarem

590 1878 682 1972 quod
709 1879 878 1974 pollicitus
905 1877 1043 1970 quidem
1065 1889 1118 1952 est
1140 1881 1267 1976 scripto
1292 1879 1442 1974 quodam
1475 1879 1561 1950 intra
1584 1899 1711 1950 annum
1738 1901 1816 1949 sese
1842 1880 2029 1958 facturum,
2066 1879 2117 1950 ol-

588 1981 666 2054 ficio
691 1993 804 2051 tamen
828 1982 917 2052 male
943 1982 1079 2054 iunctus
1107 1991 1170 2052 est.
1223 1982 1381 2074 Collegae
1408 1984 1490 2053 satis
1515 1983 1602 2053 levis
1627 1980 1733 2051 animi
1759 1990 1875 2060 erant,
1916 1989 1955 2050 ut
1977 2001 2056 2051 eum
2081 1981 2116 2050 in

589 2084 750 2157 omnihus
784 2082 887 2153 rebus
924 2095 1159 2175 sequerentur.
1213 2085 1259 2154 lta
1293 2084 1389 2154 rixae
1425 2085 1649 2176 perlongum
1683 2093 1817 2176 tempus
1845 2080 2115 2153 diducehantur:

590 2189 697 2258 altero
723 2184 859 2255 Domini
892 2182 950 2254 die
978 2183 1145 2256 Corvinus
1183 2186 1327 2278 ejusque
1362 2186 1462 2256 amici
1497 2185 1531 2255 in
1568 2185 1692 2279 scripta
1715 2183 1901 2254 Amdtiana
1937 2183 2118 2255 maledicta

591 2289 827 2378 conjecerunt,
861 2286 968 2356 altero
994 2286 1168 2378 Dilgerus‚
1205 2286 1437 2359 llathmannus
1455 2284 1500 2382 5)‚
1527 2288 1584 2357 alii
1611 2309 1673 2358 eos
1700 2284 1952 2380 praedicabant
2005 2285 2118 2368 Quum

590 2389 758 2463 Corvinus
791 2386 973 2478 aliquando
1009 2387 1096 2470 civi,
1133 2410 1236 2480 quem
1265 2411 1310 2461 ex
1337 2387 1499 2462 cathedra
1533 2400 1666 2484 turpem
1690 2387 1891 2459 mendacem
1923 2395 1957 2460 et
1992 2407 2118 2480 vagum

591 2491 799 2564 nebulonem
826 2490 944 2578 (einen
968 2489 1097 2582 groben
1123 2491 1260 2584 Lngner
1286 2491 1358 2562 und
1384 2492 1482 2564 losen
1504 2486 1698 2582 Holunhen)
1725 2489 2027 2571 denominaverat,
2064 2509 2117 2561 sa·

592 2595 748 2665 lislacere
775 2593 892 2672 nollet,
918 2602 1020 2686 atque
1046 2602 1228 2688 propterea
1252 2613 1394 2686 magnus
1422 2595 1510 2665 inter
1536 2591 1630 2664 cives
1655 2593 1818 2663 tumultus
1836 2591 2040 2673 exoriretur,
2064 2611 2118 2662 se·

592 2705 691 2769 natus
711 2717 785 2765 rem
800 2693 934 2765 silentio
949 2716 1018 2765 non
1032 2697 1275 2788 praetermisit:
1303 2696 1414 2766 civem
1434 2695 1573 2790 quidem
1602 2703 1637 2765 ut
1650 2694 1823 2766 turbatore
1841 2694 1962 2765 murhe
1975 2693 2117 2789 expulit,

593 2799 738 2871 Corvino
757 2796 946 2890 imperavit,
967 2819 1012 2868 ne
1032 2795 1170 2867 omnino
1187 2819 1233 2869 ex
1248 2795 1421 2879 cathedra,
1442 2819 1530 2868 neve
1547 2796 1712 2891 imprimis
1724 2794 1920 2867 Arndtianis
1937 2795 2033 2866 libris
2048 2815 2117 2865 ma·

591 2900 766 2980 indiceret,
792 2897 859 2969 nisi
879 2909 978 2970 antea
999 2898 1289 2972 incriminationes
1312 2900 1583 2994 comprobasset.
1625 2898 1697 2968 Jam
1717 2919 1802 2971 vero
1821 2897 1979 2969 miseriae
1995 2896 2118 2968 adver·

593 3004 759 3076 sariorum
775 2997 1039 3072 Arndtianorom
1056 3001 1243 3096 patefactae
1259 3012 1358 3088 sunt;
1391 3002 1553 3093 quoniam
1567 3023 1609 3072 eo
1626 3001 1694 3080 die,
1724 2999 1853 3094 quode
1870 2999 2015 3092 ‘singolis
2035 3019 2117 3070 con·

589 3103 832 3178 troversiarum
850 3103 1017 3196 capitibus
1028 3102 1195 3196 disputari
1213 3103 1374 3185 debebat,
1401 3104 1568 3175 Corvinus
1595 3101 1690 3174 initio
1717 3125 1786 3173 non
1811 3101 1929 3172 aderat
1942 3111 2116 3196 pastorum

590 3205 789 3289 conventui;
828 3204 928 3276 amici
954 3205 1044 3295 ejus,
1081 3205 1114 3275 in
1142 3227 1287 3297 quorum
1314 3227 1458 3276 numero
1486 3206 1588 3276 etiam
1614 3202 1687 3274 Joh.
1715 3203 1908 3276 Waltherus
1933 3215 2025 3285 erat,
2058 3203 2118 3296 qui

591 3307 721 3391 „libros
748 3327 817 3378 non
843 3308 950 3378 lectos
973 3316 1007 3378 et
1030 3305 1090 3378 vix
1113 3307 1194 3378 limo
1221 3308 1321 3379 oculo
1348 3308 1522 3404 inspectos
1559 3306 1695 3401 publico
1721 3329 1742 3378 e
1769 3313 1934 3398 suggestu
1961 3305 2116 3401 papismi‚

592 3407 989 3493 „Schwenkleldianismi
1025 3419 1060 3480 et
1086 3407 1352 3501 Weigelianismi
1387 3421 1545 3502 arguerat
1581 3419 1615 3479 et
1650 3407 1874 3478 damnaverat
1892 3402 1966 3502 ⁸),“
2009 3408 2118 3480 tibere

591 3507 741 3608 profiteri
758 3509 867 3582 coacti
887 3521 965 3582 sunt
992 3532 1090 3592 „neo
1105 3511 1233 3604 legisse
1260 3533 1298 3584 se
1322 3533 1386 3583 nec
1412 3511 1561 3583 lecturos
1588 3511 1644 3582 vel
1664 3521 1804 3606 coeptos
1824 3510 1890 3602 legi
1916 3531 1937 3580 e
1959 3508 2117 3581 manibus

591 3612 814 3708 „seposuisse
840 3611 981 3684 libros.“
1034 3611 1161 3684 Tamen
1186 3614 1220 3684 iu
1247 3614 1391 3706 gratiam
1418 3613 1557 3685 Corvini
1584 3624 1618 3684 et
1644 3611 1725 3684 odio
1752 3613 1899 3684 tortasse
1925 3621 2120 3682 ceterorum

591 3728 625 3789 et
650 3714 845 3788 haeresium
869 3725 904 3784 et
933 3714 1324 3788 incommodissimarum
1353 3715 1564 3787 locutionum
1591 3715 1715 3808 scripta
1742 3712 1997 3810 praenominata
2023 3711 2119 3782 dam-

591 3827 760 3890 naverunt
777 3814 821 3912 ⁷).
874 3815 1063 3900 Quominus
1089 3817 1181 3888 idem
1206 3815 1279 3889 Joh.
1306 3816 1499 3890 Waltherus
1538 3817 1691 3888 libellum
1725 3815 1759 3886 in
1784 3814 1964 3886 Arndtium
1987 3813 2118 3896 ederet,

591 3931 731 3993 senatus
757 3915 983 3991 Dentiscanus
1013 3929 1133 4015 postea
1157 3917 1347 4014 prohibuit,
1386 3939 1430 3990 ne
1457 3917 1522 3991 hoc
1549 3919 1651 3990 modo
1689 3917 1831 3989 dissidia
1857 3915 1972 3989 denuo
2000 3936 2120 3989 nasce·

591 4032 708 4095 rentur
725 4017 768 4116 8).
840 4019 1073 4113 Quaecunque
1109 4022 1276 4093 Corvinus
1314 4020 1359 4093 ad
1392 4021 1533 4092 crimina
1570 4041 1633 4093 sua
1676 4017 1931 4114 comprobanda
1965 4019 2119 4113 prolerre

592 4123 732 4206 sciebat,
760 4133 843 4206 erat,
871 4122 964 4216 quod
990 4121 1278 4196 enthusiastarum
1304 4143 1384 4197 esse
1410 4123 1507 4204 dixit,
1535 4145 1641 4216 quum
1670 4121 1835 4194 Arndtius
1861 4121 1895 4192 in
1922 4119 2119 4216 precatione

591 4227 787 4320 vespertina
812 4234 945 4296 oraret:
994 4226 1087 4307 ,‚lac,
1125 4235 1162 4295 ut
1194 4225 1302 4297 saneti
1325 4225 1437 4318 angeli
1477 4227 1511 4294 in
1539 4245 1661 4297 somno
1689 4221 1772 4295 mihi
1798 4233 1982 4320 appareant
1992 4231 2028 4305 ,“
2074 4239 2120 4292 ex

592 4327 717 4423 quibus
742 4325 859 4398 verbis
879 4327 1046 4398 Corvinus
1073 4326 1250 4408 conclusit,
1275 4326 1455 4399 Arndtium
1482 4328 1682 4416 angelornm
1703 4325 1933 4397 revelationes
1950 4325 2121 4398 visiones·

595 4511 948 4536 W

676 4596 702 4678 ⁴)
732 4601 880 4656 Blanlrii
909 4603 991 4673 epist.
1015 4602 1050 4658 ad
1073 4603 1252 4672 Frantzium3
1278 4606 1326 4662 29.
1348 4602 1416 4676 hpr.
1451 4605 1529 4661 toto
1561 4600 1639 4674 apud
1661 4600 1813 4658 Soharll.
1844 4602 2048 4674 plot-tta,
2081 4599 2119 4656 ci.

593 4692 741 4760 praeterea
771 4685 1005 4753 llartlrnooh,
1046 4687 1231 4745 Preussische
1257 4689 1510 4745 llirohenhistorie.
1541 4686 1643 4743 Frlrlrt.
1666 4688 1754 4742 1686.
1784 4704 1812 4758 p.
1828 4685 1898 4741 lta.
1923 4713 1961 4726 -
2026 4677 2051 4760 ⁵)
2084 4681 2120 4741 cl.

592 4773 733 4837 lloller,
766 4768 1260 4831 Cimbrialiteratalol.Tom.lll.
1290 4775 1461 4845 pasa-
1526 4765 1552 4850 6)
1574 4770 1732 4834 Soharll.
1756 4788 1783 4843 p.
1805 4773 1936 4830 4η-
2001 4761 2119 4846 ⁷ltbirt.

592 4873 621 4928 p.
636 4859 701 4914 tati.
726 4885 763 4898 -
829 4849 854 4933 8)
878 4857 1010 4915 Gottlr.
1035 4857 1195 4925 llrnold,
1218 4859 1361 4916 Kirchen-
1383 4873 1410 4915 ιι.
1434 4856 1656 4918 lletzerhistll.
1678 4873 1706 4929 p.
1720 4857 1816 4913 atta.
