4770 6086
1331 635 1378 710 58

593 832 698 907 dubio
727 848 894 909 versetur.
946 840 1018 924 Qua
1047 861 1084 909 re
1108 839 1207 912 allata
1241 841 1341 913 simul
1368 840 1480 912 locum
1511 837 1734 912 dedicationis
1766 837 1890 910 latinae
1921 836 2064 910 editioni
2095 858 2115 908 a

593 935 744 1010 Brellero
773 938 946 1034 praefixae
971 942 1187 1035 interpretari
1208 965 1404 1036 possumus,
1430 943 1489 1014 uhi
1515 945 1660 1038 scriptor
1685 939 1813 1014 acerbo
1829 941 1944 1012 animo
1972 949 2116 1022 „utcun-

594 1060 697 1131 „que,
725 1043 850 1134 inquit,
878 1066 967 1115 nunc
992 1065 1012 1114 a
1040 1046 1154 1116 multis
1180 1044 1312 1115 Arndtii
1340 1046 1563 1140 patrocinium
1589 1043 1785 1140 turpissime
1811 1042 2000 1124 deseratur,
2026 1044 2116 1114 lama

594 1141 718 1222 „etiam
744 1163 764 1212 a
792 1145 962 1217 nonnullis
989 1145 1188 1218 foedissime
1213 1147 1428 1237 denigretur,
1453 1147 1511 1240 qui
1537 1146 1665 1218 viventi
1694 1167 1756 1242 per
1780 1147 1909 1217 litteras
1935 1165 2017 1216 mox
2043 1147 2117 1218 vul-

594 1244 748 1334 „gandas
774 1243 893 1318 humili
919 1249 1011 1320 cultu
1037 1259 1071 1318 at
1093 1248 1312 1321 observantia
1338 1270 1444 1344 prope
1471 1249 1633 1341 singulari
1662 1246 1775 1321 studio
1794 1256 1873 1320 sunt
1893 1246 2021 1318 adulati
2030 1243 2115 1336 ¹⁸)st

593 1345 781 1419 Censemus
807 1371 871 1421 nos
897 1350 1047 1420 maximo
1067 1351 1143 1440 jure
1169 1351 1303 1432 dicare,
1346 1352 1533 1424 Brellerurn
1555 1349 1612 1423 hic
1639 1349 1813 1445 imprimis*
1828 1347 2040 1422 Gerhardum
2065 1350 2116 1420 in·

594 1447 787 1531 tellexisse,
822 1453 1022 1544 praesertim
1048 1452 1078 1523 si
1104 1453 1312 1544 cogitamus,
1345 1453 1501 1526 ordinem
1528 1452 1762 1544 theologorum
1793 1451 2007 1533 leucosiam,
2043 1453 2117 1544 qui·

593 1548 659 1620 bas
703 1551 776 1622 loh.
810 1551 1005 1626 Gerhardus
1045 1567 1222 1648 praeerat,
1270 1552 1362 1627 haud
1404 1556 1447 1626 ita
1486 1556 1592 1628 mutto
1631 1565 1710 1626 ante
1742 1551 1830 1625 hanc
1869 1553 2010 1624 latinam
2038 1575 2117 1625 ver·

594 1651 727 1724 sionem
763 1655 977 1750 improbasse
991 1653 1049 1749 ι9).
1112 1656 1179 1728 Sed
1215 1656 1313 1730 lacile
1347 1668 1401 1728 est
1432 1667 1632 1752 perspectu,
1667 1655 1839 1750 quomodo
1870 1656 2040 1736 evenerit,
2080 1665 2118 1729 ut

594 1753 790 1828 Gerhardus
812 1769 930 1850 postca
965 1757 1218 1850 quodammodo
1244 1758 1384 1830 dubium
1407 1759 1572 1850 judicium
1600 1759 1645 1832 de
1671 1759 1767 1830 libris
1793 1757 1924 1829 Arndtii
1951 1759 2115 1830 statuerit.

593 1857 725 1928 Revera
739 1858 882 1930 Arndtio
905 1861 987 1932 vivo
1016 1881 1153 1953 semper
1174 1863 1323 1932 maxima
1346 1862 1539 1933 reverentia
1565 1871 1600 1932 et
1624 1860 1860 1932 aestimatione
1885 1859 1931 1931 de
1957 1860 2052 1932 libris
2079 1861 2117 1930 il-

592 1959 658 2030 lius
684 1959 818 2032 locutus
845 1971 918 2032 erat
943 1961 1215 2056 scriptoremque
1240 1984 1345 2058 saepe
1371 1964 1503 2056 magnis
1529 1963 1690 2035 laudibus
1715 1961 1981 2057 praedicaverat,
2011 1985 2117 2056 quum

593 2083 672 2134 eum
690 2063 893 2144 locutiones,
920 2084 1008 2155 quae
1035 2063 1069 2134 in
1093 2064 1218 2136 falsum
1238 2088 1378 2138 sensum
1404 2064 1489 2137 trahi
1505 2075 1670 2160 poterant,
1697 2063 2005 2145 nonodandarent
2032 2086 2117 2157 quo-

593 2164 685 2234 niam
711 2177 746 2235 ut
771 2162 951 2256 theologus
977 2165 1098 2238 doctus
1108 2165 1242 2238 Arndtii
1270 2168 1407 2240 dicendi
1433 2190 1542 2260 geom
1569 2177 1785 2262 perspectum
1810 2164 1939 2238 habero
1955 2165 2115 2238 debebat.

593 2264 661 2337 Sed
688 2287 793 2359 quum
820 2276 949 2361 postca,
974 2289 1019 2338 ex
1045 2287 1136 2340 anno
1155 2269 1263 2350 162⁰,
1291 2270 1547 2342 controversiae
1570 2279 1637 2338 tarn
1659 2267 1884 2342 vehementes
1900 2268 2116 2362 acerbaeque

594 2367 821 2450 exorirentur,
848 2369 922 2464 ipse
947 2390 1007 2442 eas
1033 2371 1212 2453 formulas,
1250 2370 1295 2443 de
1320 2372 1446 2465 quihus
1471 2371 1724 2464 disputabatur,
1757 2373 1902 2442 tortasse
1926 2371 2117 2443 accuratius

593 2469 846 2565 perpendebat;
871 2491 939 2565 qua
965 2495 1003 2544 re
1030 2472 1063 2542 in
1090 2493 1166 2544 eam
1193 2475 1397 2546 sententiam
1417 2473 1603 2569 perductus
1624 2485 1688 2554 est,
1715 2485 1752 2545 ut
1773 2471 1954 2544 nonnullas
1975 2495 2118 2568 expres·

595 2571 710 2644 aiones
736 2573 898 2644 lectorem
925 2595 995 2644 non
1020 2576 1242 2646 exercitatum
1269 2575 1445 2648 offendere
1471 2597 1574 2670 posse
1599 2586 1767 2648 censeret
1821 2571 2034 2646 Gerhardum
2058 2595 2118 2646 au-

594 2682 664 2745 tem
690 2674 956 2758 inconstantiae,
984 2676 1081 2766 cujus
1107 2697 1187 2747 eum
1214 2678 1385 2750 Brellerus
1411 2678 1537 2770 arguit,
1565 2697 1709 2770 arguere
1733 2699 1802 2750 non
1830 2697 2030 2771 possumus,
2058 2697 2118 2748 ne·

594 2797 661 2868 que
695 2799 773 2847 eum
799 2777 1008 2850 adversariis
1032 2777 1166 2850 Arndtii
1192 2779 1514 2861 adnumerabimus,
1544 2778 1641 2872 quod
1667 2798 1923 2872 nonnumquam
1946 2779 2116 2863 iacaruot3

594 2877 701 2949 multo
728 2879 839 2973 potius
867 2880 1056 2974 posteriore
1081 2889 1234 2977 tempore
1258 2883 1291 2953 in
1311 2881 1538 2973 dijudicandis
1560 2882 1625 2953 illis
1651 2882 1747 2953 libris
1770 2879 1917 2952 mediam
1941 2881 2117 2974 ingressus

595 2989 646 3052 est
671 2980 780 3066 viam;
814 2983 915 3073 quale
945 2981 1110 3073 judicium
1132 2985 1234 3055 etiam
1258 2982 1512 3056 Warnsdorfius
1547 2983 1593 3055 de
1619 3005 1662 3056 eo
1689 2983 1837 3078 protulit.
1888 2983 1952 3067 Qui
1979 2981 2118 3076 quidem

594 3081 681 3176 ipse,
707 3082 760 3153 vir
785 3095 884 3155 acuto
911 3084 1048 3177 ingenio
1061 3081 1130 3174 ²⁰),
1157 3089 1283 3182 quippe
1308 3087 1368 3179 qui
1395 3097 1529 3182 praeter
1554 3086 1677 3158 multas
1702 3086 1950 3180 disputationes
1976 3085 2118 3180 polemi·

593 3203 653 3256 aas
670 3185 773 3255 etiam
795 3186 909 3280 plures
926 3197 1087 3262 tractatus
1107 3187 1153 3260 do
1171 3187 1356 3262 dividenda
1381 3189 1578 3283 precatione
1598 3188 1702 3281 patris
1716 3188 1824 3260 nostri
1835 3185 1876 3283 (l)
1896 3185 2042 3260 ediderit
2054 3183 2117 3280 ²¹),

593 3285 713 3358 amicis
737 3286 870 3359 Amdtii
901 3287 1211 3382 defensoribusque
1236 3290 1384 3363 adscribi
1416 3313 1483 3362 non
1509 3299 1643 3385 potest,
1681 3289 1774 3382 quod
1797 3289 1867 3379 jam
1892 3310 1934 3361 ea
1961 3310 1999 3361 re
2024 3310 2118 3362 com·

594 3387 768 3482 probatur,
795 3400 843 3470 ut,
870 3392 1046 3485 professor
1070 3393 1390 3484 Wittenbergensis,
1418 3390 1596 3484 theologos
1620 3391 1912 3464 Helmstadiensas
1938 3391 2118 3463 etHallen-

595 3511 653 3563 ses
677 3491 898 3586 impugnaret.
950 3493 1118 3566 Iudicium
1143 3495 1189 3566 de
1214 3496 1309 3568 libris
1335 3495 1532 3566 Amdtianis
1563 3493 1665 3566 valde
1690 3494 1833 3567 dubium
1859 3495 2003 3589 proiert;
2040 3513 2119 3564 nam

594 3591 708 3665 maltis
744 3594 996 3667 conditionibus
1029 3597 1261 3690 clausulisque
1286 3597 1495 3668 obvallatum
1520 3605 1583 3668 est.
1635 3596 1723 3667 Dum
1750 3597 1952 3669 defensores
1973 3594 2118 3678 Arndtii,

594 3695 654 3787 qui
679 3717 797 3768 amore
822 3719 894 3768 rem
922 3708 1121 3782 tractarunt,
1142 3698 1393 3772 vehementiae
1419 3699 1529 3791 arguit
1540 3694 1611 3794 22),
1651 3699 1724 3793 ipse
1751 3699 1931 3771 nonnullas
1956 3698 2119 3769 tornatas

594 3796 726 3879 laudat,
763 3796 808 3868 de
835 3798 960 3891 quihus
985 3800 1083 3874 dicit:
1132 3822 1244 3894 „quae
1270 3800 1375 3872 verba
1403 3803 1512 3872 iateor
1546 3823 1603 3872 me
1626 3821 1748 3896 capere
1771 3823 1839 3872 non
1866 3820 1969 3895 posse
1992 3797 2119 3870 nedum

596 3921 699 3980 „curn
735 3900 900 3995 scriptura
926 3905 1109 3976 conciliare
1118 3899 1207 3992 23).“
1259 3905 1397 3974 Summa
1430 3903 1550 3993 judicii
1576 3902 1660 3975 haec
1689 3903 1943 3975 essevidetar:
1980 3901 2119 3974 Werns-

596 3999 726 4072 dcriius
751 3999 947 4075 hominibus
971 4005 1067 4078 laicis
1094 4028 1194 4078 usum
1219 4007 1383 4078 librorum
1408 4004 1694 4086 Amdtianorum,
1718 4027 1761 4076 ne
1788 4003 1899 4078 dicam
1925 4024 1995 4075 non
2009 4037 2011 4042 ·
2026 4025 2119 4076 com·

595 4100 752 4185 mandat,
780 4127 849 4176 non
875 4105 1022 4179 libenter
1047 4108 1217 4198 concedit.
1268 4107 1358 4192 Quid
1384 4107 1429 4180 de
1455 4108 1620 4189 formulis,
1647 4107 1692 4178 ab
1719 4128 1761 4178 eo
1787 4105 2003 4204 vituperatis,
2038 4127 2118 4178 cen·

597 4202 744 4276 sendum
770 4207 824 4288 sit,
853 4218 970 4302 postea
996 4231 1221 4304 exponemus.

697 4306 797 4377 Anno
823 4309 1015 4404 insequenti
1037 4313 1115 4385 libri
1141 4312 1318 4385 Arndtiani
1343 4312 1388 4386 de
1413 4336 1447 4384 v.
1474 4309 1552 4384 Chr.
1580 4310 1695 4384 denuo
1720 4311 1854 4407 Lipsiae
1879 4333 1961 4383 cura
1986 4311 2117 4384 Buddei

597 4406 680 4480 aditi
706 4418 794 4479 sunt.
846 4410 954 4482 Etiam
980 4409 1059 4487 huic
1084 4435 1196 4488 novae
1223 4414 1364 4492 editioni
1392 4415 1556 4510 praelatio
1582 4413 1695 4485 addita
1719 4423 1792 4500 est;
1818 4414 1853 4485 in
1875 4435 1942 4508 qua
1961 4415 2116 4510 scriptor,

684 4664 723 4749 ¹⁸)
755 4673 798 4728 lle
819 4673 1012 4730 verodhrist
1033 4676 1179 4748 Lunaebg.
1205 4679 1294 4735 tttt.
1316 4675 1437 4733 dedicat
1470 4693 1498 4749 p.
1523 4680 1550 4732 3.
1582 4701 1620 4718 -
1709 4669 1748 4752 ¹⁹)
1779 4677 1813 4732 cl.
1844 4676 1869 4750 5.
1895 4677 1921 4732 ³.
1952 4691 1981 4746 p.
2005 4675 2053 4732 2⁴.
2077 4701 2116 4716 -

597 4748 629 4796 ²⁰
664 4756 868 4826 llosshach,
901 4757 1022 4831 Spauer.
1051 4761 1085 4828 ll,
1114 4764 1489 4834 parastaticam.
1513 4789 1552 4804 -
1630 4754 1672 4837 ²¹)
1702 4760 1834 4818 Waloh.
1862 4761 1890 4818 V.
1921 4776 1949 4832 p.
1962 4760 2054 4815 stat.
2078 4787 2115 4804 -

598 4833 629 4880 ²²
661 4841 695 4898 cl.
720 4841 746 4914 §-
759 4845 786 4899 6.
808 4861 837 4916 p.
851 4847 898 4903 ta.
923 4871 961 4885 —
1027 4839 1066 4924 ²³)
1087 4847 1309 4906 Wecnsdorl.
1331 4865 1359 4920 p.
1374 4849 1422 4903 ta.
